2362 3225
1177 140 1221 174 ⁴21.

221 264 404 310 Μακραῖς
438 265 772 299 commemorasset.
798 262 922 298 Panos
950 264 1075 297 autem
1115 265 1261 299 antrum
1298 266 1329 300 si
1362 266 1462 301 idem
1497 267 1594 302 esset
1627 267 1740 312 atque
1766 264 1952 312 Apollinis
1983 263 2182 309 thalamus,

223 323 315 371 quid
341 324 492 362 tandem
518 323 738 373 prohibebat
764 325 965 372 quominus
996 325 1120 361 missis
1156 325 1328 363 omnibus
1365 327 1583 375 ambagibus
1608 326 1851 373 maximeque
1876 325 2089 362 Macrarum
2124 324 2185 362 vel

225 384 488 436 Oecropiarum
514 386 864 424 commemoratione
890 386 986 423 illud
1012 398 1133 424 unum
1160 387 1322 425 diceret?
1350 391 1386 426 at
1412 389 1446 426 si
1470 388 1593 426 Panos
1629 391 1667 426 et
1691 387 1880 437 Apollinis
1907 389 2014 424 antra
2040 388 2186 425 diversa

224 451 322 496 sunt,
356 458 425 485 cur
458 447 610 485 tandem
635 447 824 497 Apollinis
851 458 1004 496 specum
1038 448 1086 485 ad
1116 448 1215 486 hanc
1247 449 1408 487 fabulam
1449 462 1559 500 quam
1595 451 1761 488 maxime
1795 449 2045 499 pertinentem
2078 449 2184 486 nullo

220 510 303 547 loco
344 510 635 547 commemorat?
675 511 747 547 hoc
785 513 904 558 poeta,
944 511 1010 558 qui
1037 512 1184 548 curiose
1210 511 1347 549 fabulae
1382 515 1563 551 rationem
1590 514 1753 559 haberet,
1790 513 1913 550 facere
1939 512 2070 549 noluit.
2097 524 2184 548 nam

220 570 407 619 Apollinis
435 572 585 607 antrum
612 581 699 608 cum
726 571 823 608 hanc
849 582 964 609 unam
992 570 1039 608 ob
1067 582 1219 610 causam
1246 572 1313 609 deo
1342 572 1551 611 dedicatum
1579 577 1685 622 esset,
1713 574 1814 623 quod
1841 573 1895 611 ibi
1931 584 2019 610 cum
2046 572 2185 609 Creusa

221 631 471 670 concubuisse
497 632 696 680 ferebatur,
732 645 817 681 quae
842 645 903 671 res
930 646 973 671 eo
1001 636 1154 683 quidem
1179 639 1345 684 tempore
1372 649 1445 685 quo
1471 642 1588 675 mater
1613 639 1735 675 filium
1763 639 1977 687 expositum
2005 636 2184 684 agnoscit,

221 695 359 741 praeter
384 689 503 743 ipsam
529 695 674 731 nemini
699 697 787 731 nota
811 695 928 733 fuisse
953 696 1117 745 fingitur,
1143 697 1184 733 in
1210 697 1338 734 fabula
1363 698 1453 735 Ione
1471 700 1655 748 Apollinis
1683 711 1763 737 esse
1781 711 1858 736 non
1875 701 2030 748 poterat.
2057 698 2185 745 itaque

220 754 420 803 Euripides
448 768 676 803 quamquam
703 756 807 793 Pana
832 756 1010 795 Miltiadis
1037 759 1190 795 demum
1218 762 1325 795 aetate
1348 760 1514 808 Apollini
1540 762 1756 798 adiunctum
1784 773 1864 798 esse
1890 760 2007 809 probe
2034 758 2185 804 sciebat,

219 818 346 854 tamen
372 828 500 854 rerum
526 818 746 856 necessitate
769 819 924 857 'coactus
950 822 1160 869 temporum
1185 821 1347 858 rationes
1373 823 1554 870 pervertit.
1595 827 1713 872 poetae
1740 824 1854 872 igitur
1879 822 2030 859 indiciis
2058 821 2090 858 si
2118 820 2184 857 ali-

220 879 312 926 quid
337 880 519 916 momenti
545 880 756 927 tribuimus,
783 882 987 918 collocandi
1012 883 1189 919 videntur
1214 883 1295 919 Pan
1323 887 1359 919 et
1385 884 1517 931 Apollo
1544 886 1584 920 in
1611 886 1726 921 antris
1752 886 1828 921 illis
1854 885 2015 932 geminis
2041 894 2180 931 propu-

218 940 379 988 gnaculo
405 939 561 977 Turcico
590 941 857 990 adiacentibus,
884 943 978 980 alter
1003 944 1044 980 in
1079 944 1215 992 altero,
1251 945 1351 993 quod
1390 946 1421 982 si
1448 947 1640 993 sumimus,
1676 946 1787 983 simul
1813 945 2079 993 intellegimus,
2114 954 2184 979 cur

218 1004 326 1049 poeta
352 1002 481 1046 Πανὸς
514 1002 657 1052 ἄντρα
693 1004 848 1055 (ἄδυτα)
875 1008 960 1054 apte
987 1006 1110 1043 dicere
1142 1008 1312 1055 potuerit
1345 1008 1500 1044 eandem
1526 1008 1647 1045 Panos
1675 1012 1711 1045 et
1736 1008 1921 1056 Apollinis
1949 1017 2036 1043 cum
2064 1005 2180 1042 socie-

218 1065 331 1101 tatem
363 1067 445 1101 tum
480 1066 752 1104 seiunctionem
788 1068 1119 1105 animadvertimus
1154 1069 1196 1105 in
1221 1068 1392 1115 Hymetti
1427 1073 1530 1106 antro
1566 1070 1703 1118 duplici
1739 1069 1843 1106 aditu
1875 1067 2043 1116 praedito,
2079 1066 2180 1114 quod

217 1136 333 1174 prope
359 1126 486 1163 vicum
513 1139 615 1164 nunc
642 1128 736 1166 Van·
760 1129 902 1167 dictum
930 1130 1044 1167 situm
1072 1133 1146 1176 est3
1176 1131 1221 1167 de
1250 1142 1323 1178 quo
1352 1131 1527 1168 disseruit
1555 1130 1703 1167 Curtius
1723 1129 1830 1167 Atlas
1856 1142 1927 1167 von
1942 1127 2060 1166 Athen
2078 1126 2180 1165 Einl.

219 1197 253 1234 p.
283 1187 342 1235 30,
369 1187 512 1237 aliquot
537 1193 779 1228 monumenta
807 1191 1008 1229 delineavit
1033 1192 1197 1230 Adlerus
1222 1193 1311 1230 ibid.
1338 1193 1399 1230 Bl.
1425 1193 1520 1230 VIII
1546 1205 1600 1230 nr.
1631 1194 1649 1229 1
1679 1197 1715 1230 et
1742 1194 1774 1229 2.

339 1249 400 1286 ΠΙ
430 1250 531 1288 Ionis
570 1253 770 1302 prologo
810 1265 1038 1303 quamquam
1075 1257 1111 1291 et
1148 1256 1229 1303 ipse
1243 1254 1269 1302 ¹)
1296 1258 1332 1292 et
1358 1255 1468 1292 multi
1479 1253 1506 1302 ²)
1544 1266 1690 1303 operam
1724 1255 2016 1303 impertiverunt,
2051 1256 2178 1289 tamen

218 1311 329 1347 etiam
355 1322 458 1348 nunc
483 1323 559 1349 non
576 1325 652 1351 uno
679 1314 760 1352 loco
787 1315 997 1365 interpretis
1017 1316 1110 1353 mihi
1126 1317 1276 1354 videtur
1301 1317 1478 1367 indigere.
1506 1328 1593 1354 nam
1611 1320 1653 1354 ut
1679 1317 1877 1365 praedicam
1897 1315 1997 1365 quod
2015 1314 2178 1352 assiduis

218 1372 351 1409 studiis
378 1374 471 1410 mihi
494 1386 716 1423 persuasum
744 1381 817 1414 est:
835 1379 1012 1415 >continet
1037 1390 1085 1415 ne
1111 1391 1231 1415 unum
1259 1380 1410 1428 quidem
1435 1391 1586 1415 versum
1614 1379 1658 1415 ab
1680 1378 1857 1426 Euripide
1883 1389 1959 1414 non
1986 1378 2177 1424 scriptum.

218 1434 283 1471 sed
320 1437 363 1471 ut
396 1436 549 1484 probem
587 1439 687 1486 quod
722 1440 851 1487 sentio,
888 1440 1115 1478 difficiliores
1142 1441 1256 1478 huius
1291 1442 1434 1490 prologi
1459 1441 1570 1488 locos,
1597 1452 1689 1488 quos
1715 1441 1753 1476 in
1779 1439 1964 1488 prioribus
1991 1449 2178 1475 commen-

217 1497 420 1536 tationibus
446 1510 522 1536 non
549 1501 663 1550 attigi,
699 1501 873 1551 deinceps
907 1503 1158 1552 pertractabo3
1201 1503 1301 1553 quod
1335 1507 1379 1541 ut
1414 1516 1525 1553 quam
1560 1503 1773 1541 brevissime
1799 1502 1873 1550 fiat,
1899 1512 2021 1550 neque
2047 1500 2178 1538 multis

216 1559 341 1596 verbis
369 1571 456 1597 cum
484 1563 566 1599 aliis
594 1564 814 1601 concertabo
840 1576 963 1614 neque
990 1566 1091 1615 quod
1118 1567 1181 1602 alii
1207 1569 1307 1603 recte
1335 1566 1542 1603 docuerunt
1567 1569 1738 1614 repetam.

339 1624 469 1671 primis
505 1628 681 1673 quattuor
714 1627 895 1675 versibus,
936 1628 1072 1676 quibus
1106 1628 1316 1666 Mercurius
1353 1630 1534 1677 originem
1569 1640 1674 1665 suam
1708 1628 1867 1676 exponit,
1907 1627 1976 1663 hoc
2009 1626 2176 1662 maxime

216 1685 303 1732 agit,
329 1687 372 1722 ut
397 1687 665 1734 spectatoribus
692 1688 805 1725 talem
833 1699 871 1726 se
897 1689 1030 1738 probet
1047 1690 1169 1739 qualis
1194 1691 1235 1727 in
1261 1690 1331 1727 hoc
1356 1691 1509 1740 prologo
1536 1692 1693 1739 apparet,
1720 1691 1756 1726 et
1782 1689 1935 1726 deorum
1959 1687 2175 1724 ministrum

217 1750 253 1785 et
286 1749 411 1796 ipsum
446 1750 567 1787 deum.
608 1752 696 1788 hinc
728 1752 823 1789 illud
850 1755 959 1797 θεῶν,
992 1754 1032 1789 in
1066 1752 1141 1790 fine
1176 1754 1329 1790 alterius
1355 1765 1486 1790 versus
1521 1765 1654 1801 magna
1688 1764 1772 1789 cum
1807 1753 1846 1787 vi
1871 1751 2173 1799 pronuntiatum:

216 1814 431 1863 κακοφωνιά
469 1816 570 1851 recta
604 1815 738 1852 actoris
773 1814 1040 1852 declamatione
1076 1826 1229 1865 prorsus
1273 1816 1404 1853 evitari
1439 1818 1580 1865 poterat
1591 1813 1632 1864 ³).
1693 1814 1852 1851 Atlantis
1896 1816 2001 1861 terga
2035 1812 2177 1848 ahenea

214 1886 325 1910 nemo
351 1878 487 1922 praeter
503 1876 721 1923 Euripidem
748 1881 1028 1913 commemorat:
1055 1878 1168 1914 finxit
1193 1880 1309 1925 igitur
1330 1882 1439 1926 poeta
1455 1881 1498 1914 ut
1514 1878 1632 1913 Titani
1655 1878 1809 1923 χάλκεον
1834 1875 1990 1924 οὐρανόν
2016 1875 2063 1919 (Ρ
2080 1874 2174 1920 425)

214 1937 375 1985 gestanti
401 1938 599 1986 aptissima.
625 1949 749 1987 neque
765 1937 953 1978 ”Ariana
976 1940 1107 1986 νώτοις
1132 1937 1288 1988 οὐρανὸν
1313 1941 1529 1990 ἐκτρίβοντα
1554 1951 1620 1988 ego
1646 1940 1697 1976 ita
1723 1938 1952 1986 interpretor,
1978 1938 2021 1972 ut
2039 1934 2175 1972 caelum

215 2001 426 2035 versantem
462 2002 499 2035 et
532 2000 719 2047 tangendo
756 2001 951 2048 paullatim
992 2001 1217 2038 deterentem
1261 2001 1400 2048 fingam
1440 2002 1536 2048 (vide
1563 2001 1846 2037 Schoemannum
1874 1999 1896 2033 l.
1924 1998 1946 2032 l.
1974 2009 2007 2044 p.
2035 1998 2098 2042 44)
2127 2017 2174 2021 —

216 2061 402 2109 quomodo
438 2062 538 2099 enim
572 2061 654 2099 fieri
692 2065 821 2112 potest,
862 2064 1040 2112 quoniam
1076 2066 1211 2113 tergo
1236 2064 1383 2113 gestat?
1411 2086 1458 2091 —
1487 2064 1551 2101 sed
1577 2063 1681 2100 Titan
1707 2061 1848 2110 ingenti
1886 2059 1984 2097 mole
2024 2069 2175 2107 pressus

216 2124 352 2160 caelum
379 2126 483 2172 tergo
509 2125 560 2171 (et
585 2127 731 2173 tergum
759 2124 863 2173 caelo)
891 2126 1025 2162 acriter
1050 2126 1135 2163 terit
1162 2125 1218 2174 (cf.
1238 2126 1348 2175 Soph.
1366 2126 1460 2163 Phil.
1480 2126 1576 2172 296).
1604 2124 1702 2173 quod
1730 2125 1852 2160 autem
1878 2124 1985 2170 poeta
2002 2119 2173 2169 gestandi

214 2186 415 2235 notionem,
455 2199 568 2237 quam
607 2198 716 2226 nemo
754 2186 907 2226 Graecus
949 2188 1189 2237 desiderabat,
1229 2189 1363 2237 omisit,
1399 2201 1474 2226 non
1513 2188 1630 2237 magis
1663 2184 1930 2235 vituperandus
1966 2186 2021 2222 est
2060 2193 2174 2232 quam

214 2249 435 2296 Aeschylus,
471 2250 537 2298 qui
564 2250 777 2287 cautissime
805 2250 1028 2299 significavit
1053 2250 1175 2287 Prom.
1202 2252 1277 2288 430
1306 2263 1358 2300 sq.
1386 2250 1579 2294 Ἀτλανθ’,
1621 2249 1660 2294 ὃς
1698 2249 1778 2285 αἰὲν
1816 2248 1999 2297 ὑπέροχον
2039 2247 2176 2290 σθένος

216 2314 389 2362 κραταιὸν
414 2311 584 2362 οὐράνιόν
608 2328 647 2351 τε
671 2313 782 2351 πόλον
807 2313 935 2358 νώτοις
961 2313 1275 2360 ὑποστενάζει,
1303 2314 1403 2362 quod
1429 2313 1583 2351 verbum
1610 2312 1802 2360 egregium
1828 2309 1963 2347 vellem
1990 2309 2173 2345 intactum

214 2374 454 2423 reliquissent
480 2374 747 2412 emendatores.
774 2377 888 2412 restat
911 2386 1007 2411 crux
1031 2375 1097 2412 illa
1122 2375 1405 2425 philologorum,
1431 2375 1540 2424 primi
1566 2384 1695 2410 versus
1732 2372 1917 2408 clausula:
1957 2381 2024 2419 ego
2052 2379 2176 2417 neque

214 2437 316 2473 hunc
341 2447 464 2485 neque
491 2437 631 2473 similes
657 2437 882 2486 tragicorum
907 2438 1092 2474 trimetros
1120 2437 1378 2474 emendatione
1395 2436 1636 2474 removendos
1663 2445 1742 2471 esse
1769 2437 1933 2482 tempore
1952 2432 2175 2481 procedente

213 2498 306 2535 mihi
332 2499 501 2546 persuasi
509 2496 548 2545 4).

338 2582 363 2622 ι)
383 2582 405 2614 1.
427 2581 449 2614 1.
471 2592 501 2623 p.
523 2581 573 2613 40.

337 2635 361 2675 2)
382 2635 564 2667 novissimis
584 2634 783 2675 temporibus
803 2636 985 2668 tractarunt
1004 2636 1157 2676 Eysertus
1179 2637 1259 2672 ‚iiber
1281 2635 1329 2671 die
1348 2633 1499 2666 Aechthoit
1519 2634 1570 2664 dee
1593 2633 1723 2673 Proloyae
1743 2633 1776 2662 in
1798 2631 1973 2670 Euripidu'
1995 2631 2062 2662 Ion‘
2085 2629 2178 2668 (Pro-

210 2698 326 2727 qramm
347 2688 400 2718 des
416 2688 602 2719 Nmtaater
621 2687 725 2728 Gymn.
740 2697 777 2717 zu
789 2687 874 2727 Praq
890 2686 979 2726 1880)
1001 2689 1034 2719 et
1054 2688 1190 2719 Ioannes
1205 2688 1243 2719 de
1258 2686 1378 2724 Arnim,
1402 2686 1440 2717 de
1462 2685 1668 2726 prologorum
1688 2684 1763 2715 Eur.
1785 2686 1854 2715 arte
1870 2685 1903 2715 et
1923 2682 2177 2723 interpolatione

214 2739 495 2781 (Gryphiswaldiae
518 2739 610 2779 1882)
630 2751 661 2781 p.
686 2739 726 2772 14
745 2750 790 2780 sq.
813 2739 851 2772 27
874 2750 920 2781 sq.
941 2740 992 2772 41.
1014 2741 1053 2772 63
1075 2751 1120 2781 sq.

337 2791 362 2831 ⁸)
380 2802 472 2833 paene
493 2793 593 2824 risum
613 2794 723 2824 movet
743 2792 908 2824 excusatio
929 2802 1028 2832 quam
1049 2792 1143 2825 affert
1162 2793 1315 2831 Eysertus
1336 2791 1356 2822 l.
1379 2792 1400 2822 1.
1423 2801 1453 2830 p.
1475 2790 1524 2820 22.

336 2842 363 2883 ⁴)
385 2844 426 2876 cf.
448 2843 679 2883 Wecklinium,
701 2844 826 2876 Studien
846 2856 881 2876 zu
902 2844 1062 2885 Aeschylus
1083 2856 1114 2886 p.
1138 2843 1195 2876 130
1218 2854 1264 2883 sq.
