2362 3225
1142 127 1206 191 ‚234

305 250 374 294 ion
400 260 601 306 postquam
627 258 835 294 sacerdotes
861 256 1059 305 Delphicos
1084 257 1125 290 in
1153 255 1321 291 Castaliae
1346 254 1460 290 undis
1486 255 1607 291 lautos
1634 255 1681 290 ad
1706 256 1889 305 templum
1915 260 2070 307 vocavit,
2105 260 2159 296 sic

179 320 300 369 porgit‘
324 331 359 356 v.
389 320 457 357 98:

817 366 935 415 στόμα
957 366 987 403 τ’
1011 363 1180 416 εὔφημον
1204 366 1395 416 φρουρεΐτ’
1421 363 1578 415 aya-‘Mn

818 426 948 473 φήμας
972 426 1002 460 τ’
1028 420 1176 472 ἇγαθὰς

816 488 895 527 τοῖς
920 481 1120 520 ἐθέλουσιν
1143 482 1395 530 μαντεύεσθαι

817 539 990 588 γλώσσης
1013 540 1114 583 ἰδίας
1140 539 1375 589 ἀποφαίνειν.

182 604 237 642 sic
263 604 360 642 libri.
386 605 528 641 mittam
555 612 681 639 omnes
708 603 863 637 conatus
888 600 1089 647 infaust0s3
1122 602 1204 638 haec
1239 604 1295 638 est
1321 603 1401 638 sine
1437 601 1551 638 dubio
1578 602 1737 655 duarum
1764 604 2030 641 sententiarum
2061 606 2160 641 inter

185 677 226 703 se
251 665 552 714 respondentium
577 661 760 713 (εὔφημον
784 682 833 691 -
859 662 1003 712 φήμας,
1029 660 1173 711 ἀγαθόν
1198 685 1246 691 -
1271 661 1429 711 ἀγαθάς)
1456 663 1577 699 notio:
1615 666 1663 710 ,et
1697 663 1770 711 ipsi
1803 664 1944 713 linguis
1974 665 2096 703 favete
2123 669 2160 703 et

182 727 373 764 oraculum
414 725 650 762 consulturos
690 723 860 771 exemplo
900 726 1021 760 vestro
1066 724 1207 779 linguis
1248 724 1374 761 favere
1401 724 1547 761 docete‘.
1584 724 1680 761 hanc
1706 725 1785 761 vim
1820 725 1944 763 elicies
1969 725 2159 763 lenissima

119 828 133 838 ο
181 802 215 826 v.
246 789 315 826 101
344 787 569 825 mutatione:

815 834 988 884 γλώσσης
1017 835 1116 877 ἰδίας
1142 835 1228 872 ἄπο
1254 836 1453 884 φαίνειν.

180 898 404 937 infinitivum
431 896 762 935 iubendi-notione
788 898 871 946 post
896 896 1158 946 imperativum
1183 897 1347 947 positum
1373 909 1448 934 non
1466 896 1573 934 video
1592 908 1660 934 cur
1677 898 1955 947 reprehendam,
1983 899 2158 948 quoniam

178 969 253 997 non
280 961 402 997 solum
427 960 616 996 Homerus
644 960 688 1008 (π
710 958 814 1006 150),
841 958 906 994 sed
933 960 1044 994 etiam
1062 959 1452 1007 Aristophanes'(Ach.
1474 959 1586 1005 1000)
1614 962 1725 1006 atque
1742 959 1953 996 Herodotus
1971 960 2039 1007 (Π
2057 960 2105 996 86
2127 962 2158 996 1.

176 1022 252 1059 VH
280 1022 367 1069 159)
403 1022 473 1057 hac
510 1021 783 1058 constructione
822 1021 883 1056 usi
918 1023 1013 1056 sunt
1056 1020 1175 1067 στόμα
1213 1018 1383 1070 εὔφημον
1419 1021 1613 1069 φρουρεΐτ’
1653 1019 1794 1070 ἀγαθόν
1825 1021 1924 1058 idem
1957 1025 2013 1058 est
2047 1025 2159 1071 atque

180 1083 433 1134 εὖφημοῦντες
459 1098 514 1121 ur.
540 1081 573 1120 ἆ.
600 1098 640 1133 φ.
664 1081 935 1131 praepositionis
962 1079 1035 1118 ἀπό
1059 1081 1136 1117 vim
1162 1081 1483 1117 instrumentalem
1511 1092 1597 1118 cum
1623 1092 1670 1118 ex
1698 1082 1780 1119 aliis
1808 1083 1955 1120 dicendi
1990 1083 2159 1121 formulis

177 1146 352 1183 novimus
379 1144 518 1192 (Troad.
549 1145 636 1192 772)
664 1147 745 1181 tum
773 1154 793 1181 e
819 1144 1005 1180 locutione
1033 1141 1104 1181 ἀπὸ
1130 1142 1301 1193 γλώσσης
1337 1142 1393 1190 (cf.
1421 1142 1550 1180 Bacch.
1582 1144 1705 1192 1049),
1740 1145 1972 1194 plerumque,
2011 1149 2056 1183 ut
2088 1146 2158 1183 hoc

176 1208 267 1254 loco,
294 1216 380 1243 cum
409 1205 558 1243 dicendi
585 1205 709 1242 verbis
736 1206 933 1241 coniuncta
960 1203 1044 1250 (ἀπὸ
1070 1204 1242 1253 γλώσσας
1266 1204 1455 1254 φθέγξατο
1489 1203 1594 1242 Pind.
1623 1204 1767 1254 Olymp.
1795 1205 1851 1242 Ἦ
1880 1206 1946 1252 13;
1982 1207 2018 1244 εἶ
2034 1206 2158 1255 χρεὼν

174 1269 282 1307 τοῦθ’
308 1268 494 1318 ἁμετέρας
520 1265 590 1304 ἇπό
625 1266 797 1316 γλώσσας
829 1273 953 1304 κοινὸν
985 1263 1170 1311 εὔξασθαι
1193 1264 1281 1310 ἔπος
1314 1264 1423 1312 Pyth.
1450 1265 1509 1302 IH
1538 1267 1580 1313 23
1616 1267 1791 1304 Herodot.
1819 1268 1838 1304 I
1866 1269 1959 1315 1233
1995 1268 2157 1315 Thucyd.

176 1329 269 1367 Vm
299 1330 368 1377 10).

299 1393 341 1427 111
375 1391 555 1439 praeclara
593 1391 659 1426 illa
695 1390 869 1436 oratione,
910 1400 983 1437 qua
1008 1388 1078 1424 Ion
1118 1389 1171 1424 rei
1213 1388 1372 1436 publicae
1409 1390 1695 1427 Atheniensium
1735 1394 1882 1439 statum,
1922 1393 2043 1439 qualis
2082 1403 2159 1428 non

175 1453 329 1491 heroum
356 1455 474 1500 aetate,
501 1452 567 1490 sed
592 1452 711 1500 ipsius
737 1450 924 1499 Euripidis
951 1449 1180 1498 temporibus
1205 1450 1285 1497 fuit,
1324 1450 1509 1499 describit,
1543 1455 1617 1489 tres
1645 1453 1783 1489 civium
1809 1456 1930 1501 partes
1957 1454 2158 1502 distinguit.

176 1526 338 1565 quarum
362 1515 485 1563 primo
513 1514 594 1550 loco
620 1512 764 1563 plebem
789 1513 903 1561 ponit,
939 1523 1023 1560 quae
1060 1522 1187 1548 omnes
1214 1512 1314 1548 viros
1350 1512 1398 1549 ad
1437 1513 1576 1550 maiora
1616 1514 1799 1552 enitentes
1841 1514 1976 1562 oderit3
2020 1517 2159 1552 ceteras

175 1582 299 1627 partes
326 1581 362 1615 et
390 1577 481 1625 quid
508 1576 683 1614 studeant
707 1576 765 1613 his
790 1574 913 1612 verbis
941 1575 1213 1623 complectitur:

645 1636 714 1673 598
740 1634 821 1672 ὅσοι
847 1634 889 1670 δὲ
908 1633 1074 1684 χρηστοὶ
1098 1633 1305 1681 δυνάμενοί
1325 1634 1356 1670 τ’
1382 1630 1480 1672 εἶναι
1505 1636 1620 1685 σοφοί

741 1695 874 1743 σιγῶσι
900 1688 967 1729 κοῦ
991 1693 1220 1731 σπεύδουσιν
1245 1694 1297 1736 εἰς
1322 1694 1368 1730 τὰ
1393 1695 1610 1744 πράγματα,

638 1753 717 1790 600
741 1752 875 1801 γέλωτ’
897 1751 937 1788 ἕν
961 1748 1090 1796 αὗτοῖς
1114 1753 1264 1801 μωρίαν
1289 1765 1328 1788 τε
1353 1751 1526 1801 λήψομαι

741 1808 807 1856 οὐχ
832 1810 1028 1857 ἡσυχάζων
1051 1810 1092 1845 ἐν
1116 1810 1219 1846 πόλει
1243 1810 1365 1859 φόβου
1390 1811 1499 1861 πλέᾳ.

740 1869 814 1907 τῶν
839 1867 871 1905 δ’
895 1864 942 1906 αὖ
967 1870 1105 1919 λογίων
1129 1883 1168 1907 τε
1188 1869 1398 1919 χρωμένων
1422 1882 1461 1907 τε
1485 1870 1533 1920 τῇ
1555 1869 1661 1907 πόλει

740 1927 792 1971 εἷς
815 1925 963 1972 α’ξίωμα
993 1928 1063 1973 βὰς
1089 1928 1201 1964 πλέον
1224 1928 1492 1975 φρουρήσομαι

828 1997 865 2022 οι
890 1998 936 2022 ιν.

175 2048 290 2084 altera
316 2048 433 2095 igitur
458 2056 544 2094 pars
571 2046 598 2080 ii
626 2047 714 2081 sunt
739 1994 824 2091 ²4²3?
841 1998 921 2079 rgm
954 2045 1143 2092 publicam
1170 2055 1361 2093 capessere
1386 2048 1542 2093 possunt
1568 2045 1633 2081 sed
1659 2029 1803 2094 nolunt,
1842 2046 1951 2083 tertia
1975 2048 2003 2083 ii
2030 2048 2096 2097 qui
2123 2049 2160 2084 et

174 2113 332 2160 possunt
368 2113 404 2147 et
430 2108 570 2146 volunt.
607 2120 641 2144 v.
673 2107 746 2160 598
784 2107 1002 2144 sanissimus
1039 2110 1108 2153 est;
1146 2107 1244 2145 idem
1279 2109 1379 2145 enim
1405 2107 1588 2157 significat
1621 2112 1731 2156 atque
1770 2109 1852 2148 ὅσοι
1885 2110 1926 2146 δὲ
1960 2110 2158 2156 δυνάμενοι

170 2171 335 2222 χρηστοί
359 2174 481 2222 σοφοί
507 2183 548 2207 τε
581 2165 702 2207 εἶναιε
740 2167 918 2216 particula
957 2168 998 2206 τὲ
1033 2178 1109 2204 11011
1137 2168 1284 2218 vulgari
1319 2168 1430 2205 modo
1465 2169 1584 2218 posita
1617 2169 1754 2207 multos
1788 2167 2025 2219 perturbavit.
2067 2167 2157 2221 ᾆνὴρ

171 2235 337 2284 χρηστός
362 2237 418 2270 est
444 2234 537 2269 civis
565 2233 631 2279 qui
658 2231 704 2268 de
729 2242 769 2267 re
786 2231 935 2278 publica
961 2232 1250 2267 administranda
1275 2232 1370 2268 bene
1395 2236 1568 2279 meretur,
1595 2234 1711 2282 σοφός
1737 2234 1803 2281 qui
1830 2234 2041 2281 eloquentia
2066 2243 2159 2280 pree-

175 2295 286 2345 cellit,
320 2295 360 2332 id
387 2294 488 2344 quod
514 2305 628 2332 versu
653 2293 868 2342 insequenti
894 2292 1077 2342 probatur.
1104 2303 1137 2329 v.
1167 2292 1241 2330 602
1268 2293 1435 2332 nondum
1462 2294 1695 2332 emendatum
1731 2296 1784 2332 sic
1814 2295 1959 2332 restitui
1984 2294 2076 2332 mihi
2104 2296 2160 2332 est

174 2367 416 2405 persuasum:

340 2426 346 2434 ·
737 2404 811 2443 τῶν
837 2403 871 2441 δ’
893 2399 942 2442 αὖ
967 2403 1082 2456 λόγῳ
1107 2417 1146 2443 τε
1166 2404 1377 2454 χρωμένων
1401 2418 1441 2444 τε
1464 2406 1511 2457 τῇ
1536 2404 1639 2445 πόλει

174 2470 197 2506 1.
226 2481 255 2505 Θ.
284 2472 359 2507 τῶν
386 2465 473 2506 δ”αὖ
496 2468 592 2516 λόγῳ
617 2482 656 2504 τε
681 2473 726 2515 τῇ
752 2481 791 2503 τε
815 2467 921 2503 πόλει
943 2469 1162 2514 χρωμένων.
1203 2468 1339 2503 iterum
1377 2468 1558 2515 particula
1591 2469 1632 2504 τὲ
1665 2479 1742 2503 non
1777 2468 1866 2503 satis
1902 2468 2087 2503 intellecta
2122 2470 2159 2502 et

176 2530 264 2567 olim
290 2528 461 2566 librarios
487 2527 618 2565 fefellit
644 2529 681 2565 et
706 2529 844 2564 nostrae
872 2527 990 2564 aetatis
1018 2527 1222 2565 editoribus
1247 2540 1380 2566 verum
1407 2528 1612 2565 occultavit.

298 2591 420 2628 Xuthi
446 2601 679 2638 responsum,
707 2590 817 2625 cuius
844 2589 994 2624 initium
1020 2590 1074 2625 sic
1100 2590 1259 2626 traditur
1282 2591 1323 2626 in
1350 2590 1539 2644 codicibus
1567 2590 1688 2637 (650):

732 2650 878 2686 παῦσαι
902 2648 1021 2696 λόγων
1045 2650 1166 2693 τῶνδ’,
1193 2647 1359 2697 εὐτυχεῖν
1385 2651 1420 2687 δ’
1445 2650 1627 2689 ἐπίστασο
1654 2662 1661 2671 ·

737 2706 839 2742 θέλω
865 2706 936 2755 γὰρ
963 2702 1078 2755 οὗπέρ
1105 2708 1139 2744 σ’
1163 2704 1279 2757 ηὗρον
1305 2705 1505 2756 ἄρξασθαι,
1530 2709 1669 2752 τέκνον,

739 2767 864 2815 κοινῆς
888 2766 1076 2816 τραπέζης
1101 2767 1209 2806 δαῖτα
1235 2767 1329 2817 πρὸς
1354 2769 1483 2818 κοινὴν
1508 2767 1631 2806 πεσὼν

738 2825 862 2861 θῦσαί
880 2825 920 2862 θ’
944 2824 968 2862 ἅ
993 2839 1061 2862 σου
1087 2826 1177 2875 πρὶν
1200 2826 1362 2875 γενέθλι’
1386 2822 1455 2863 οὔκ
1480 2825 1670 2873 ἐθύσαμεν
