2362 3225
1151 114 1199 148 22

306 235 412 275 Ionis
436 238 518 275 nati
545 240 583 275 et
608 238 767 287 expositi
793 237 878 284 fata,
905 247 990 285 quae
1018 248 1040 271 a
1064 247 1099 276 v.
1129 233 1177 270 14
1214 244 1336 282 usque
1361 233 1409 270 ad
1445 233 1493 269 27
1529 234 1742 280 narrantur,
1775 244 1952 282 magnam
1986 234 2162 284 probent

181 297 456 346 interpretandi
480 299 686 337 materiam.
723 299 868 348 βρέφος
892 297 941 344 (v.
966 296 1027 342 16)
1054 295 1103 332 ad
1128 294 1375 344 praedicatum
1407 294 1588 343 pertinet:
1626 304 1724 341 ,oum
1748 293 1931 343 parvulus
1956 296 2083 344 esset‘3
2109 297 2161 340 ὥς

181 358 416 407 θανούμενον
443 361 490 407 (v.
512 361 572 407 18)
599 363 638 398 et
664 361 716 404 ὥς
738 359 961 407 θανουμένῳ
987 357 1033 404 (v.
1053 357 1115 404 27)
1142 367 1221 393 non
1247 356 1295 393 ad
1313 358 1491 393 eventum
1517 367 1541 393 a
1557 355 1698 393 Creusa
1715 357 1916 404 speratum,
1942 356 2010 393 sed
2033 367 2161 395 rerum

180 421 319 459 natura
352 422 556 461 instantem
594 425 754 471 speotat3
788 422 916 468 itaque
946 421 1066 456 mater
1099 417 1234 466 filium,
1273 429 1387 466 quem
1414 416 1558 456 ἄκουσα
1576 417 1732 456 ἔκτεινεν
1756 417 1803 464 (ν.
1832 417 1955 466 1500),
1989 419 2162 467 pretiosis

180 482 417 521 vestimentis
442 483 566 532 (χλιδή
591 494 624 518 v.
653 482 715 529 26)
748 481 876 518 induit
908 482 946 517 et
972 480 1121 517 oleastri
1148 490 1325 517 coronam
1352 479 1463 528 capiti
1489 479 1572 515 eius
1597 478 1757 527 imponit
1782 477 1834 527 (v,
1865 480 1965 516 1433
1992 479 2077 529 sq),
2113 490 2161 516 ne

181 546 356 583 mortuus
394 543 599 582 honoribus
632 542 856 581 funebribus
893 542 1062 591 privetur
1074 540 1110 588 ¹).
1152 553 1291 580 nomen
1318 541 1469 579 Creusae
1509 541 1555 587 (v.
1585 536 1646 587 18)
1680 542 1827 578 nostras
1862 542 2016 590 quidem
2050 553 2161 580 aures

182 604 356 652 offendit;
383 608 508 642 tamen
534 603 779 642 animadverti
801 602 1021 652 Euripidem
1042 603 1204 641 duarum
1231 603 1502 640 sententiarum
1535 601 1794 650 copulatarum
1821 601 2034 640 subiectum
2061 613 2161 640 oom-

181 678 299 706 mune
319 679 394 704 non
407 678 490 704 raro
508 667 548 704 in
565 666 642 704 fine
657 666 794 715 prioris
814 677 952 715 ponere
971 666 1091 704 solere
1109 664 1171 715 (ef.
1186 677 1216 703 e.
1229 678 1263 715 g.
1277 665 1367 703 Hec.
1383 663 1462 714 26).
1482 659 1643 710 εὐτρόχῳ
1668 661 1788 711 κύκλῳ
1808 665 1862 715 (v.
1879 665 1940 712 19)
1953 665 2044 702 mihi
2057 676 2161 702 nunc

182 729 333 777 quidem
359 739 433 765 non
460 729 609 765 videtur
634 728 932 773 emendandum
959 739 1049 765 nam
1077 727 1215 776 quibus
1241 727 1367 765 verbis
1393 727 1500 764 Plato
1525 727 1618 765 Tim.
1648 740 1681 777 p.
1707 728 1780 764 370
1804 727 1984 765 translata
2008 728 2161 764 notione

180 802 272 828 usus
291 793 355 839 est,
382 790 473 839 quid
487 792 544 828 est
570 801 639 828 cur
652 790 872 840 Euripidem
890 791 1039 840 propria
1056 791 1096 827 vi
1113 802 1227 828 usum
1244 800 1326 828 esse
1351 800 1535 839 negemus
1545 788 1573 838 ²)
1584 789 1611 826 ’ἴ
1629 791 1670 827 in
1687 801 1801 828 versu
1817 790 2032 840 insequenti
2044 785 2159 836 νόμος

180 853 370 901 προγόνων
392 855 462 890 τοῦ·
484 867 524 890 τε
549 855 729 902 γηγενοῦς
747 851 989 901 Ἐριχθονίου
1017 854 1089 899 ‚lex
1116 852 1163 889 ab
1190 853 1434 889 Erichthonio
1460 853 1537 888 lata
1563 854 1600 888 et
1625 864 1649 888 a
1673 853 1840 900 patribus
1866 852 1996 889 liberis
2012 852 2159 888 tradita‘

179 913 429 963 intellegenda
455 917 532 960 θεῖς
559 914 849 953 Erichthonium
874 916 1045 953 nominat
1061 917 1170 964 poeta
1196 916 1239 952 ut
1265 914 1428 963 priscum
1453 913 1576 962 gentis
1603 916 1804 962 auctorem,
1831 914 1879 952 ad
1897 914 2006 952 cuius
2023 924 2161 952 nomen

178 976 333 1012 historia
356 976 538 1022 fabulosa,
565 989 651 1026 quae
678 978 727 1014 ad
753 988 906 1014 versum
931 977 1205 1025 praecedentem
1223 975 1521 1023 intellegendum
1538 976 1747 1011 neceaearia
1774 978 1841 1021 est,
1867 976 1963 1012 bene
1981 976 2159 1024 applicari

176 1037 303 1085 possit.
343 1037 426 1074 haec
462 1041 591 1076 autem
628 1039 711 1087 ipsa
745 1039 792 1086 (V.
822 1038 997 1085 20—26),
1033 1040 1075 1074 ut
1100 1048 1168 1087 par
1202 1039 1268 1085 est,
1303 1036 1566 1086 parentheseos
1591 1036 1751 1074 formam
1777 1036 1906 1074 habet:
1946 1037 2034 1073 hinc
2059 1037 2158 1074 illud

176 1097 256 1137 ἄλλ’
282 1111 317 1136 v.
345 1099 406 1146 26,
433 1111 507 1148 quo
535 1101 652 1138 oratio
680 1101 728 1138 ad
754 1101 984 1149 propositum
1010 1099 1115 1146 redit,
1141 1099 1182 1135 id
1209 1099 1310 1146 quod
1335 1109 1455 1145 nemo,
1490 1101 1676 1146 quantum
1702 1099 1822 1145 video,
1847 1099 2047 1147 perspexit.
2093 1098 2160 1135 sed

176 1162 215 1197 in
241 1161 477 1201 Erichthonii
503 1161 632 1199 fabula
659 1160 814 1211 φρουραὶ
842 1161 894 1211 (v.
923 1162 996 1209 22),
1023 1171 1251 1210 quamquam
1277 1161 1433 1198 minime
1459 1161 1714 1198 necessarium
1743 1163 1809 1208 est,
1834 1163 1961 1198 tamen
1988 1163 2032 1197 ut
2056 1161 2159 1197 notio

176 1225 361 1273 generalis
386 1226 583 1273 praemissa
608 1225 757 1262 tolerari
783 1228 902 1273 potest
915 1222 962 1269 ³);
987 1221 1245 1272 Ἐρεχθείδαις
1281 1224 1328 1270 (v.
1356 1224 1419 1270 24)
1459 1234 1537 1260 non
1577 1225 1750 1260 accurate
1789 1223 1879 1260 dicit
1914 1225 2032 1272 poeta,
2072 1234 2159 1259 cum

172 1281 476 1336 Ἐριχθονιάδοις
514 1286 640 1325 dicere
667 1285 809 1334 debeat,
846 1285 946 1336 quod
982 1287 1107 1322 tamen
1133 1283 1362 1322 vocabulum
1393 1284 1435 1321 in
1461 1295 1537 1321 usu
1562 1295 1639 1321 non
1667 1286 1753 1322 erat.
1780 1294 1904 1334 neque
1930 1294 2019 1321 vero
2045 1282 2160 1321 verba

177 1347 311 1396 ὄφεσιν
342 1350 382 1387 ἔν
411 1351 664 1398 χρυσηλάτοις
697 1350 848 1398 τρέφειν
877 1350 987 1386 τέκνα
1021 1349 1067 1393 (v.
1097 1347 1159 1393 25)
1200 1359 1261 1383 mo
1295 1350 1444 1393 vexant,
1484 1350 1683 1395 postquam
1717 1346 2008 1395 Xenophontem
2045 1347 2159 1383 simili

176 1409 288 1447 modo
317 1409 363 1447 de
390 1409 504 1448 rebus
540 1410 687 1460 corpori
713 1409 878 1447 ornando
913 1407 1204 1446 inservientibus
1236 1408 1341 1457 loqui
1366 1408 1446 1446 vidi
1473 1406 1604 1458 Cyrop.
1631 1407 1687 1446 IV
1715 1409 1738 1446 5
1768 1407 1816 1445 54
1868 1408 1934 1447 καὶ
1958 1410 2042 1458 γὰρ,
2069 1408 2156 1458 ἔφη,

176 1469 278 1515 μάλα
303 1483 384 1511 πως
409 1469 520 1516 ἧμεῖς
555 1468 622 1506 οὐκ
647 1470 694 1506 ὃν
725 1470 861 1517 χλιδῇ
894 1468 1198 1516 τεθράμμεθα
1222 1466 1315 1504 ἀλλὰ
1336 1471 1563 1515 χωριτικῶς,
1590 1468 1683 1506 ὥστε
1709 1465 1810 1512 ἴσως
1834 1463 1879 1505 ἂν
1904 1468 2025 1516 ἧμῶνκ
2047 1481 2159 1504 κοιτα-

176 1528 384 1576 γελάσαιτε,
423 1529 473 1568 εἶ’
508 1545 549 1568 τι
589 1528 751 1578 σεμνὸν
787 1530 897 1579 ἡμῖν
938 1529 1210 1578 περιτεθείη
1226 1525 1266 1575 ⁴¹).
1308 1528 1410 1577 quod
1437 1531 1564 1566 autem
1591 1526 1732 1566 Creusa
1765 1528 1843 1566 filio
1880 1528 2050 1577 exposito
2084 1528 2157 1565 ista

176 1591 343 1636 monilia,
371 1602 458 1638 quae
487 1593 570 1628 sine
589 1592 703 1628 dubio
731 1592 838 1638 quasi
866 1591 1054 1637 quoddam
1081 1590 1289 1626 amuletum
1317 1593 1432 1636 erant,
1457 1591 1592 1637 induit,
1608 1591 1741 1638 probat
1760 1593 1990 1638 quantopere
2017 1590 2158 1626 servari

178 1662 266 1689 eum
294 1652 499 1702 cupiverit3
540 1655 676 1700 tamen,
714 1655 758 1690 ut
792 1663 904 1701 supra
929 1651 1105 1698 vidimus,
1145 1650 1259 1688 etiam
1299 1651 1473 1689 morituri
1513 1662 1643 1689 curam
1677 1651 1846 1690 habebat
1883 1653 2005 1689 totum
2042 1651 2159 1700 igitur

177 1714 305 1750 locum
345 1716 436 1751 satis
474 1726 536 1752 me
572 1727 678 1763 spero
718 1718 755 1751 et
787 1715 993 1751 illustrasse
1029 1717 1065 1750 et
1102 1713 1320 1760 defendisse,
1359 1714 1433 1750 nisi
1470 1714 1571 1762 quod
1597 1725 1728 1750 vocem
1756 1715 1838 1752 ἐκεῖ·
1860 1714 1907 1760 (v.
1936 1714 2000 1760 24)
2027 1714 2156 1749 critico

177 1774 337 1814 feliciori
364 1776 637 1815 emendandam
662 1772 842 1825 relinquo.

301 1849 423 1887 pauca
449 1838 623 1876 addenda
648 1841 737 1876 sunt
763 1839 810 1876 ad
834 1849 867 1874 v.
896 1838 1060 1885 28-56‚
1093 1837 1231 1886 quibus
1260 1837 1448 1886 quomodo
1475 1838 1612 1887 Apollo
1638 1837 1816 1875 Mercurii
1843 1848 1955 1887 opera
1980 1848 2074 1875 usus
2100 1838 2158 1873 in-

176 1901 317 1938 fantem
345 1900 511 1948 Delphos
550 1902 855 1948 transportaverit
893 1904 930 1937 et
962 1914 984 1937 a
1009 1900 1146 1946 Pythia
1178 1901 1419 1937 educandum
1459 1902 1645 1938 curaverit
1684 1904 1885 1938 enarratur.
1920 1913 1954 1937 v.
1983 1901 2031 1936 32
2068 1900 2158 1936 satis

175 1960 383 2000 vindicavit
408 1961 570 2000 Ioannes
598 1961 644 2000 de
669 1961 823 2008 Arnim3
862 1960 991 1999 minus
1017 1959 1146 2011 probo,
1181 1960 1282 2011 quod
1307 1960 1409 1999 idem
1434 1963 1519 2012 post
1545 1962 1739 2014 κρηπίδων
1764 1961 1842 2010 (38)
1868 1960 2089 2011 particulam
2116 1960 2157 1999 τὲ

174 2026 292 2061 inseri
307 2026 428 2062 iussit.
447 2026 536 2062 nam
556 2025 649 2073 quid
667 2025 851 2061 Mercurio
869 2025 1082 2061 faciendum
1108 2025 1223 2061 fuerit
1241 2035 1262 2061 e
1279 2025 1455 2062 mandato
1472 2025 1660 2073 Apollinis
1678 2024 1957 2061 accuratissimo
1976 2024 2157 2071 (29-36)

175 2087 266 2124 satis
290 2087 532 2136 intellegitur.
561 2097 678 2135 quare
703 2085 991 2134 vituperandum
1019 2097 1095 2122 non
1124 2089 1189 2133 est,
1225 2086 1326 2134 quod
1360 2087 1463 2135 prior
1498 2097 1584 2135 pars
1611 2087 1806 2123 sententiae
1842 2086 2074 2134 insequentis
2099 2086 2156 2122 in-

174 2148 325 2195 fantem,
351 2150 535 2197 posterior
561 2149 723 2184 canistra
749 2148 931 2196 neglegit;
968 2159 1053 2195 quae
1080 2150 1206 2184 tamen
1242 2158 1291 2184 ne
1318 2147 1588 2184 obliviscantur
1622 2151 1847 2196 spectatores
1886 2150 1995 2196 poeta
2031 2147 2154 2184 addit:

174 2206 381 2256 ἀναπτύξας
425 2211 532 2254 κύτος
566 2209 724 2249 εἱλικτὸν
762 2208 973 2259 ἀντίπηγος,
1010 2209 1059 2252 ὥς
1095 2209 1210 2259 ὁρῷθ’
1248 2209 1267 2246 ὃ
1301 2216 1404 2255 παῖς·
1438 2221 1472 2247 V.
1501 2210 1560 2257 51,
1596 2201 1825 2258 quamquam
1867 2210 1994 2247 minus
2029 2219 2156 2246 neces-

173 2272 314 2307 sarium
342 2282 424 2308 esse
451 2271 626 2317 concedo,
667 2274 794 2310 tamen
834 2281 910 2306 non
941 2271 1016 2305 iam
1050 2270 1181 2318 abicio,
1215 2273 1414 2319 postquam
1440 2271 1547 2308 verbi
1574 2271 1803 2309 ὖπιοτασθαι
1828 2283 1916 2308 cum
1943 2271 2155 2307 accusativo

173 2342 343 2379 personae
382 2333 504 2370 iuncti
539 2332 713 2381 exempla
752 2332 898 2381 repperi
924 2332 987 2368 Ar.
1016 2342 1071 2380 eq.
1104 2343 1138 2368 v.
1170 2333 1267 2369 1218
1302 2335 1368 2371 νῦν
1395 2333 1428 2370 δ’
1452 2332 1680 2383 Ἀρίγνωτον
1705 2333 1776 2383 γὰρ
1812 2331 1935 2379 οὐδεὶς
1959 2333 2062 2376 ὅστις
2088 2331 2155 2370 οὔκ

299 2484 323 2524 ¹)
344 2486 385 2518 de
407 2485 534 2518 coronis
554 2486 756 2518 mortuorum
777 2484 818 2517 cf.
840 2484 913 2517 Eur.
936 2484 1048 2517 Phoen.
1073 2484 1151 2517 1632
1173 2496 1247 2518 cum
1269 2486 1368 2520 schol.
1392 2486 1489 2520 Arist.
1511 2486 1595 2520 Eccl.
1618 2486 1688 2519 538.
1711 2486 1798 2519 Plut.
1819 2486 1932 2520 Pericl.
1955 2486 2004 2519 36.

298 2536 324 2577 ’)
348 2536 507 2577 εὔτροχος
527 2537 645 2570 κύκλος
664 2538 751 2569 idem
772 2538 823 2568 est
845 2537 931 2576 quod
953 2537 1045 2568 Plato
1076 2537 1189 2577 paullo
1219 2540 1298 2570 ante
1330 2539 1477 2580 appellat
1506 2537 1624 2572 κύκλος
1646 2538 1750 2578 ὀρθός
1780 2538 1878 2576 ,orbis
1899 2539 2080 2579 perfectus‘.
2113 2538 2154 2568 cf.

175 2589 379 2631 περίπτυγμ’
401 2588 585 2629 ἀντίπηγος
606 2586 806 2620 εὐκύκλου
829 2587 920 2621 1391.

301 2642 326 2682 ⁸)
346 2642 646 2684 interpungendum
668 2644 718 2674 est
737 2641 842 2683 igitur
862 2642 936 2682 post
959 2639 1204 2681 παραζεύξασα.

299 2692 325 2735 ¹)
347 2696 458 2728 utrum
487 2695 687 2735 spectatores
715 2692 928 2727 Athenienses
957 2691 1053 2734 ὄφεις
1081 2691 1309 2734 χρυσηλάτους
1340 2703 1437 2728 aurea
1468 2694 1643 2728 monilia
1675 2704 1744 2728 esse
1773 2693 1886 2727 statim
1918 2691 2152 2731 intellexerint,

177 2756 245 2775 ’νῆ’
265 2746 366 2789 fuisse
387 2748 594 2780 concluditur
614 2759 632 2781 e
653 2759 682 2780 v.
707 2749 796 2786 1431,
818 2759 861 2780 an
882 2749 944 2781 hoc
964 2751 1062 2790 poeta
1084 2749 1298 2782 divinandum
1318 2747 1494 2789 relicmerit,
1516 2747 1696 2780 diiudicare
1716 2756 1781 2779 non
1803 2746 1916 2778 audeo.
1938 2744 2153 2776 Menandrum

347 2799 484 2832 ocabulo
505 2800 650 2833 armillas
670 2802 800 2833 notasse
821 2801 962 2833 testatur
983 2800 1173 2841 Hesychius.
