2362 3225
1162 122 1207 161 18

193 243 370 283 habuisse
406 249 444 283 et
477 245 608 284 multis
643 246 867 295 scriptorum
905 249 1129 283 testimoniis
1143 246 1174 294 ²)
1210 250 1247 282 et
1281 248 1371 283 arfis
1406 246 1661 283 monumentis
1688 244 1887 294 constat’).
1914 247 2017 286 addit
2042 248 2168 291 autem

191 305 310 356 πέτρα
335 306 622 356 παραυλίζουσα
647 305 845 356 μυχώδεσι
867 304 1070 356 Μακραῖς;
1106 307 1208 356 quod
1243 308 1414 355 παραυλι
1416 305 1553 353 ζουσαν
1584 307 1684 357 dicit,
1710 308 1870 358 sapienti
1897 309 2052 358 quidem
2077 310 2168 350 satis

192 367 383 418 significat
408 381 487 408 non
514 380 649 408 saxum
667 369 733 406 sed
761 364 891 404 αὖλίον
915 368 1211 418 intellegendum
1230 379 1311 414 esse
1323 368 1368 419 ⁸),
1394 370 1496 418 quod
1522 371 1616 418 quin
1634 370 1757 410 Panes
1776 372 1835 418 sit,
1852 371 2042 408 neminem
2059 383 2167 420 spero

189 430 270 467 fore
297 432 365 479 qui
392 431 537 469 dubitet
548 431 603 479 ⁴);
639 432 709 466 hoc
745 431 870 477 ipsum
898 431 1010 477 enim,
1035 434 1080 467 ut
1107 442 1128 467 e
1155 442 1189 467 v.
1220 431 1293 468 938
1330 443 1383 479 sq.
1420 431 1632 479 didicimus,
1666 431 1801 469 Macris
1833 432 1986 470 adiacet.
2025 433 2166 475 iterum

188 491 308 542 igitur
345 495 454 542 poeta
480 491 621 541 duplici
655 490 767 529 modo
807 490 970 528 eundem
1009 491 1134 529 locum
1173 492 1328 530 notavit
1363 492 1471 530 vides
1497 504 1612 541 quam
1645 492 1743 531 male
1767 492 1896 530 fecerit
1921 492 2166 531 Enthovenus

188 554 212 591 1.
238 554 263 591 l.
290 566 326 604 p.
353 555 413 602 28,
440 553 539 603 quod
565 553 635 590 hoc
661 553 742 601 ipso
769 552 851 589 1000
879 552 1062 599 Μακραῖς
1086 555 1126 590 111
1153 565 1286 601 ακραις
1311 555 1531 600 mutaverit3
1565 566 1651 603 quae
1678 556 1893 592 coniectura
1920 566 2034 614 quam
2072 554 2166 592 falsa

188 620 296 664 esset,
321 618 410 653 satis
437 627 524 653 eum
550 618 695 663 poterat
722 615 856 652 docere
878 607 1075 652 Ἀπόλλων
1115 614 1366 663 ὖποακρατος
1405 614 1440 664 (ὁ
1465 614 1528 652 ὑπ’
1553 610 1714 664 ἄκραις),
1749 617 1796 654 (10
1824 628 1898 665 quo
1934 610 2010 654 tam
2045 617 2166 655 multa

188 677 400 728 disputavit.
429 677 495 715 sed
522 676 659 715 Macrae
687 677 896 715 certissima
912 676 1123 716 Hermanni
1142 679 1357 717 coniectura
1376 679 1611 729 appellantur
1636 677 1825 728 μυχώδεις
1849 679 1872 715 1.
1892 688 1920 715 0.
1940 678 2163 727 angulorum

185 740 343 776 formam
382 742 602 786 praestantes
637 740 700 775 vel
737 740 966 787 angulorum
1001 741 1113 786 pleni,
1155 752 1240 787 quae
1277 753 1353 777 vox
1390 753 1504 788 quam
1538 741 1635 777 bene
1671 741 1719 776 ad
1757 744 1931 777 naturam
1969 743 2162 777 antrorum

185 801 337 839 illorum
364 800 453 839 satis
481 803 731 851 angustorum
759 800 917 851 quadret
942 800 1015 839 iam
1046 813 1160 851 supra
1186 801 1417 851 explicatum
1445 805 1508 840 est.
1538 802 1708 852 sequitur
1733 800 1829 840 illud
1857 803 1930 848 ἵνα,
1960 812 2034 851 quo
2062 800 2161 839 male

184 862 371 899 intellecto
397 860 644 899 Enthovenus
672 864 798 899 omnia
825 864 1020 911 pervertit:
1062 874 1137 898 non
1173 864 1426 900 revocandum
1463 867 1519 899 est
1556 864 1603 899 ad
1629 861 1828 916 Μακραῖς,
1870 864 1936 899 sed
1971 864 2018 899 ad
2045 866 2161 899 totam

182 925 456 973 praecedentem
483 920 740 973 ἇποστροφήν.
775 925 821 962 (10
855 925 1107 973 grammaticis
1143 926 1424 974 insequentium
1460 937 1639 963 versuum
1677 924 1920 974 (495—502)
1955 924 2161 963 rationibus

183 985 323 1035 tacebo,
351 980 531 1036 quoniam
557 998 636 1030 non
663 987 778 1024 semel
803 985 1002 1036 probatum
1030 989 1086 1024 est
1112 997 1161 1024 ne
1187 985 1334 1025 literam
1362 987 1515 1036 quidem
1550 986 1770 1023 mutandam
1797 997 1894 1033 esse3
1931 987 2001 1022 hoc
2035 989 2160 1040 tamen

185 1049 320 1085 addam
343 1046 484 1096 χλοερὰ
510 1047 657 1090 στάδια,
682 1051 723 1085 111
751 1050 889 1097 quibus
917 1049 1088 1097 Cecropis
1114 1049 1204 1085 filiae
1232 1050 1382 1086 choreas
1411 1050 1547 1086 ducere
1575 1050 1761 1096 dicuntur,
1789 1060 1869 1086 esse
1897 1048 2027 1085 eadem
2053 1051 2161 1096 prata

182 1109 398 1161 Clepsydrae
434 1109 607 1159 confinia,
642 1111 683 1148 in
711 1110 849 1160 quibus
875 1110 1009 1160 Apollo
1038 1109 1216 1149 Creusam
1250 1110 1360 1149 flores
1388 1113 1600 1161 carpentem
1636 1110 1915 1160 comprehendit
1941 1112 1978 1147 et
2002 1110 2159 1147 invitam

179 1174 219 1209 in
246 1176 398 1209 antrum
426 1173 587 1210 abduxit
614 1173 707 1222 (887
737 1173 820 1221 sq.)
857 1173 971 1220 Pana,
997 1185 1141 1210 numen
1169 1164 1323 1221 agreste,
1351 1184 1438 1209 cum
1466 1172 1639 1221 Cecropis
1665 1172 1815 1208 filiabus
1841 1183 1965 1208 rorem
1990 1171 2159 1208 fertilita-

179 1238 331 1282 temque
356 1234 608 1283 largientibus
635 1236 879 1272 coniunctum
906 1246 982 1271 non
1010 1237 1065 1271 est
1084 1234 1185 1283 quod
1203 1235 1368 1281 mireris3
1396 1233 1508 1271 finxit
1535 1234 1599 1271 ille
1617 1233 1753 1271 artifex
1780 1234 1846 1281 qui
1872 1236 2158 1270 monumentum

178 1296 302 1333 musei
319 1295 562 1343 Worsleyani
578 1296 599 1333 I
617 1297 652 1344 9,
679 1296 779 1345 quod
807 1307 920 1344 supra
947 1296 1335 1343 commemoravimus,
1363 1296 1528 1347 sculpsit.
1555 1298 1742 1344 postrema
1767 1295 1881 1331 huius
1909 1295 2018 1343 epodi
2043 1294 2159 1331 verba

176 1358 261 1395 ideo
289 1357 483 1406 adscripsi,
511 1358 613 1406 quod
640 1361 728 1395 sunt
753 1357 836 1394 fons
862 1357 1161 1406 interpolationis
1188 1357 1443 1406 agitatissimae
1470 1369 1503 1393 v.
1523 1358 1609 1394 948.
1630 1357 1723 1404 949;
1751 1357 1897 1403 sciolus,
1933 1357 1998 1405 qui
2024 1368 2158 1405 parum

178 1420 377 1468 diligenter
402 1420 505 1468 legit,
532 1417 592 1454 ἵνα
618 1431 694 1456 non
712 1419 834 1456 solum
854 1431 941 1456 cum
968 1415 1136 1464 ἐξώρισε,
1163 1419 1228 1455 sed
1255 1419 1367 1455 etiam
1396 1428 1483 1455 cum
1513 1417 1669 1453 τεκοῦσα
1695 1419 1902 1454 coniunxit.
1930 1429 2004 1466 quo
2031 1421 2157 1455 tamen

176 1484 301 1530 pateat
326 1480 410 1518 haec
435 1480 683 1530 interpolatio,
709 1491 757 1518 ne
784 1492 886 1517 nunc
914 1481 1066 1530 quidem
1095 1481 1220 1518 dicere
1247 1482 1367 1519 audeo
1379 1479 1424 1531 ⁶).

301 1543 378 1580 iam
406 1543 439 1580 si
466 1543 817 1592 comprehendimus
853 1555 939 1591 quae
967 1544 1013 1581 de
1047 1556 1081 1580 v.
1109 1544 1313 1581 492—506
1343 1543 1541 1592 disputavi,
1568 1543 1638 1580 hoc
1666 1542 1820 1591 quidem
1848 1545 2000 1591 apparet
2033 1545 2155 1579 totum

176 1603 303 1642 locum
331 1605 574 1642 sanissimum
601 1615 681 1641 esse
717 1608 753 1641 et
780 1606 918 1653 optime
960 1617 1048 1642 cum
1084 1606 1132 1642 iis
1169 1606 1380 1653 convenire,
1422 1617 1507 1654 quae
1536 1606 1581 1642 de
1608 1604 1821 1643 Macrarum
1858 1606 1933 1642 situ
1961 1608 1997 1642 et
2023 1608 2158 1641 natura

176 1679 291 1716 supra
318 1667 487 1716 exposui.
515 1665 662 1704 duobus
688 1667 802 1716 igitur
836 1667 928 1705 locis
955 1666 1101 1705 Macras
1128 1668 1379 1714 servavimus;
1422 1668 1534 1705 etiam
1561 1668 1669 1705 tertio
1696 1667 1778 1705 1000
1819 1678 1881 1705 1110
1919 1669 2155 1705 servaturum

175 1740 257 1766 esse
284 1740 403 1778 spero.

300 1789 523 1839 Euripidem
549 1801 609 1828 res
637 1801 729 1839 quas
757 1790 804 1828 ad
830 1790 975 1829 fabulas
1003 1792 1273 1841 intellegendas
1301 1792 1398 1830 scire
1423 1802 1576 1829 necesse
1612 1793 1677 1839 est,
1714 1791 1878 1828 maxime
1912 1798 2154 1840 personarum

175 1852 487 1902 gravissimarum
513 1855 551 1888 et
575 1852 742 1888 locorum
769 1853 942 1900 rationes,
977 1854 1019 1889 in
1051 1854 1215 1902 prologis
1251 1864 1422 1890 sermone
1449 1854 1539 1891 satis
1567 1853 1732 1889 dilucido
1770 1855 1994 1901 spectatores
2022 1852 2155 1888 docere

174 1914 274 1952 inter
300 1925 431 1952 omnes
458 1916 612 1951 constat.
640 1924 752 1962 quam
783 1914 904 1963 legem
931 1915 971 1952 in
1007 1926 1051 1952 ea
1091 1927 1205 1964 quam
1231 1917 1349 1952 tracto
1389 1914 1518 1952 fabula
1553 1914 1665 1951 etiam
1701 1914 1749 1952 ad
1774 1913 1920 1952 Macras
1957 1913 2154 1963 pertinere,

299 2078 322 2119 ¹)
344 2077 385 2113 cf.
407 2076 525 2111 Herod.
548 2076 593 2111 VI
627 2077 685 2111 105
716 2088 789 2111 cum
810 2079 904 2112 Paus.
928 2079 943 2112 I
965 2079 1005 2112 28
1026 2080 1046 2111 4
1073 2077 1178 2120 (100110
1208 2079 1399 2121 corruptus).
1429 2078 1584 2114 Simonid.
1611 2079 1650 2112 fr.
1679 2079 1747 2112 133.
1776 2079 1874 2112 Arist.
1897 2079 1968 2120 Lys.
1991 2078 2045 2110 911
2080 2087 2152 2110 cum

172 2131 271 2162 schol.
294 2130 427 2161 Lucian.
450 2130 585 2161 deorum
606 2130 681 2161 dial.
703 2130 792 2161 XXII
814 2131 843 2161 3.

298 2180 324 2221 ¹)
345 2181 410 2213 duo
432 2182 643 2213 monumenta
663 2179 794 2222 lapidea
816 2181 940 2220 caelata,
963 2192 1102 2223 quorum
1123 2183 1265 2215 alterum
1287 2192 1387 2226 prope
1410 2183 1574 2225 propylaea
1595 2184 1759 2224 repertum
1781 2183 1844 2220 est;
1866 2181 1905 2214 cf.
1922 2181 2097 2213 Mullorum
2119 2183 2153 2213 et

170 2232 389 2266 Wieselerum
412 2233 433 2264 l.
456 2233 477 2264 1.
501 2233 532 2264 ΙΙ
557 2231 625 2271 Yaf.
648 2232 749 2264 XLIII
780 2243 827 2265 nr.
851 2233 913 2265 544
945 2236 980 2265 et
1014 2233 1083 2273 qu.
1105 2235 1206 2266 XLIV
1237 2246 1285 2267 nr.
1307 2234 1377 2266 555.
1408 2244 1556 2267 nummos
1588 2234 1811 2272 Athenienses,
1841 2244 1981 2274 quorum
2010 2233 2151 2265 alterum

170 2285 257 2317 latus
285 2284 433 2326 imagine
462 2283 545 2316 arcis
566 2284 770 2316 Athenarum
797 2285 963 2326 signatum
996 2288 1053 2323 est,
1088 2286 1162 2320 vide
1191 2287 1279 2327 apud
1311 2287 1476 2324 Leakium,
1506 2287 1553 2317 tlte
1583 2286 1773 2326 topography
1804 2287 1843 2324 os
1858 2284 1979 2321 Athena.
2009 2288 2043 2317 et
2063 2284 2151 2326 apud

172 2336 327 2370 Ottonem
348 2335 513 2374 Iahnium,
537 2336 628 2368 Paus.
650 2336 826 2377 descriptio
848 2337 931 2368 arcis
953 2337 1027 2369 Ath.
1051 2336 1114 2376 (0(1.
1137 2338 1168 2369 11
1190 2349 1255 2370 cur.
1278 2339 1339 2370 Ad.
1362 2338 1542 2379 Michaelis)
1563 2339 1598 2370 in
1619 2338 1731 2379 primis
1753 2337 1891 2379 paginis.

293 2385 320 2428 ¹)
341 2388 383 2420 cf.
407 2387 507 2419 Andr.
529 2387 570 2418 43
593 2385 707 2427 δόμων
729 2386 946 2428 πάροικον
971 2387 1107 2421 Θέτιδος
1129 2390 1175 2422 εἰς
1196 2388 1393 2431 ἀνάκτορον.

292 2439 317 2480 ⁴)
338 2440 382 2472 ad
404 2433 526 2471 Πανὸς
547 2438 664 2470 αὔλιον
685 2440 724 2473 cf.
748 2451 779 2472 V.
803 2440 864 2471 522
886 2442 920 2472 et
940 2441 1040 2474 Arist.
1064 2442 1134 2482 Lys.
1157 2443 1226 2474 721.

292 2492 318 2530 ⁶)
340 2492 428 2534 quod
460 2492 500 2525 de
521 2503 552 2525 v.
574 2491 739 2525 956—959
768 2492 925 2525 adnotavi
946 2493 981 2525 in
1004 2493 1116 2526 libello
1147 2495 1186 2527 de
1208 2494 1289 2536 prol.
1312 2493 1386 2526 Eur.
1410 2496 1480 2526 arte
1501 2495 1534 2526 et
1554 2493 1673 2534 interp.
1689 2503 1720 2534 p.
1736 2492 1776 2524 43
1798 2493 1872 2524 adn.
1896 2492 1912 2524 1
1943 2492 2039 2524 etiam
2063 2500 2150 2524 nunc

167 2544 277 2581 tanam
308 2544 483 2576 maximam
514 2545 728 2585 suspicionem
749 2547 882 2577 movent
910 2556 940 2576 v.
964 2546 1033 2576 958.
1057 2547 1126 2583 959,
1157 2547 1191 2577 in
1222 2547 1338 2586 quibus
1367 2546 1469 2578 etiam
1497 2547 1633 2578 verbum
1664 2545 1776 2575 λιπεῖν
1809 2544 1991 2584 significare
2022 2544 2150 2575 videtur

168 2594 328 2634 Creusam,
344 2595 403 2628 ubi
417 2594 560 2637 primum
582 2595 617 2627 in
631 2597 726 2627 antro
741 2596 831 2628 enisa
853 2596 905 2633 sit,
928 2595 1032 2627 fllium
1048 2596 1233 2629 deseruisse.
1255 2599 1397 2628 ceterum
1419 2607 1449 2627 v.
1464 2596 1525 2627 955
1548 2594 1640 2636 ἡμεῖς
1656 2595 1699 2626 ,ἐν
1721 2594 1830 2637 ὄρφνῃ
1847 2594 2151 2635 σπαργανώσαντες

168 2647 312 2680 πέπλοις
332 2649 464 2689 virgula
484 2649 637 2690 ponenda
658 2650 708 2681 est
728 2650 804 2688 post
833 2647 956 2689 ὄρφνῃ,
989 2650 1076 2689 quod
1105 2650 1213 2681 locum
1239 2651 1368 2682 attente
1393 2649 1578 2690 perlegenti
1606 2650 1743 2689 probare
1766 2659 1846 2690 opus
1867 2640 1933 2681 non
1954 2649 2011 2681 est.
2034 2659 2065 2680 v.
2087 2647 2149 2680 963

170 2696 313 2738 lnav‘ff,
337 2698 380 2729 ἶν’
403 2699 462 2729 Οὔκ
484 2697 532 2730 (ὃν
555 2698 643 2729 ἄδικ’
665 2698 811 2738 ἔπασχεν
834 2699 868 2734 ἔξ
893 2698 991 2740 ἱμοῦ,
1022 2710 1116 2740 quem
1138 2710 1212 2732 cum
1234 2701 1332 2732 multi
1353 2703 1424 2732 tum
1445 2710 1505 2741 ego
1533 2701 1589 2731 diu
1616 2703 1805 2741 corruptum
1826 2702 2028 2740 putaveram,
2061 2709 2148 2730 nunc

168 2759 285 2783 sanum
307 2760 373 2783 0000
395 2752 495 2790 duem
521 2751 683 2788 artissime
704 2752 949 2792 coniungendas
978 2754 1028 2783 est
1054 2762 1129 2783 cum
1150 2763 1180 2783 v.
1203 2752 1281 2782 961:
1315 2753 1453 2789 ,utinam
1484 2762 1622 2792 puerum
1652 2761 1767 2782 manus
1799 2751 1880 2781 mihi
1914 2750 2147 2782 obtendentem

167 2801 303 2833 vidisses
324 2811 362 2833 00
384 2802 438 2842 (sc.
461 2804 503 2834 ad
524 2813 681 2835 mammas
703 2806 737 2835 et
758 2803 892 2834 brachia
913 2803 995 2842 962),
1018 2804 1075 2834 ubi
1097 2813 1172 2834 cum
1192 2813 1257 2835 non
1279 2808 1369 2841 esset,
1393 2803 1547 2833 iniuriam
1569 2813 1589 2833 a
1611 2813 1663 2833 me
1685 2802 1888 2841 accipiebat‘.
