2362 3225
1162 135 1205 172 11

209 269 298 299 vero
320 258 370 300 nd
395 259 514 300 uadem
537 260 657 310 ipsam
682 260 777 298 nihil
801 260 1005 310 portinent,
1032 268 1260 307 quamquam
1294 259 1360 307 qui
1394 258 1465 295 hoc
1490 256 1680 294 vocabulo
1708 257 1858 291 notatur
1893 257 2000 292 locus
2041 255 2173 292 eadem

210 333 285 369 qun
313 322 419 371 mdes
434 325 510 360 iem
534 323 789 359 >sanctimonia
822 325 869 359 et·
891 332 969 358 non
1001 332 1086 357 raro
1111 320 1263 357 vocibus
1299 321 1424 368 δόμος,
1450 319 1649 368 ἀνάκτορον
1684 317 2009 365 comprehenditur
2021 316 2059 364 ¹).
2094 317 2171 354 iam

207 382 471 434 inffliegimus,
494 393 572 424 cut
586 382 727 432 Pythi}
751 381 882 425 Ionem
906 381 1003 431 ὑπὲρ
1027 382 1197 430 θυμέλας
1223 383 1390 432 διορίσαι
1421 381 1464 419 in
1490 381 1615 418 animo
1642 378 1815 417 habuerit
1850 378 1944 426 (46);
1983 378 2170 428 Apollinis

209 447 327 484 enim
322 446 560 495 religionem,
586 445 678 483 dum
703 454 798 492 puer
823 444 997 491 coniugio
1022 453 1099 479 non
1134 443 1300 490 legitimo
1336 447 1439 480 ortus
1471 445 1513 482 in
1547 444 1630 487 loco
1660 453 1766 479 sacro
1794 440 1957 487 cubaret,
1989 441 2170 488 pollutam

206 507 376 557 putabat.
386 518 521 558 neque
536 518 626 546 vero
641 518 676 542 v.
695 504 910 552 226-229,
936 514 1030 552 quos
1056 503 1166 542 multi
1183 505 1405 546 coniecturis
1421 493 1617 553 vexarunt,
1642 514 1764 551 nemo,
1792 504 1977 552 quantum
1995 501 2168 550 equidem

207 570 338 617 sentio,
362 571 461 607 recte
485 569 748 617 interpretum
775 569 840 613 est,
867 564 1122 602 difficultatem
1147 564 1354 603 facessunt:

647 646 755 684 ΙΩΝ.
782 647 818 682 ει
838 645 910 693 μὲν
933 645 1093 683 ἐθύσατε
1120 646 1279 682 πέλανον
1304 645 1373 691 πρὸ
1401 645 1525 691 δόμων

778 704 847 740 καί
866 716 901 739 τι
925 702 1117 740 πυθέσθαι
1138 703 1291 753 χρήζετε
1318 703 1476 750 Φοίβου,

781 760 906 809 πάριτ’
930 761 983 804 εἰς
1008 762 1189 807 θυμέλας,
1214 761 1279 798 ἐπὶ
1305 758 1543 810 δ’ἆσφάκῐοις

779 818 935 869 μήλοισι
960 818 1085 866 δόμων
1109 823 1162 868 μὴ
1188 819 1310 867 πάριτ’
1334 819 1385 864 εἰς
1411 818 1541 866 μυχόν.

206 904 342 954 quibus
375 901 500 940 verbis
532 901 612 949 Ion,
647 904 844 952 postquam
877 906 920 939 γρ
952 901 1027 939 222
1066 902 1231 950 virgines
1265 901 1509 938 Athenienses
1543 901 1688 951 γυάλων
1720 900 1814 938 fines
1848 902 2007 938 transire
2034 901 2166 948 vetuit,

203 968 351 1006 iussum
385 977 497 1004 suum
533 964 734 1015 restringit.
770 965 812 1013 ,si
838 963 1000 1015 quidem,
1034 964 1167 1014 inquit,
1200 963 1321 1001 libum
1355 966 1439 1001 ante
1473 963 1655 1012 templum
1695 963 1878 999 obtulistis
1905 963 2168 1012 Phoebumque

205 1019 293 1090 estis
328 1028 567 1073 consulturae,
605 1029 792 1075 praeterite
829 1029 871 1063 in
906 1038 1040 1072 aream,
1083 1030 1302 1075 χρηστηρίῳ
1338 1029 1461 1062 autem
1492 1026 1658 1061 nondum
1694 1029 1851 1061 mactato
1886 1027 2000 1063 nolite
2034 1027 2166 1074 templi

202 1072 407 1150 pensu-alia
433 1088 544 1127 adire‘
560 1085 597 1136 ’).
625 1087 828 1126 tenendum
856 1088 956 1127 enim
983 1089 1039 1126 est
1063 1085 1193 1125 Ionem
1217 1098 1251 1123 v.
1273 1086 1345 1124 183
1372 1086 1454 1124 loco
1481 1086 1643 1134 cessisse,
1669 1097 1702 1123 v.
1723 1085 1872 1124 demum
1899 1086 1973 1124 220
2002 1098 2023 1124 a
2051 1087 2163 1124 choro

204 1142 450 1187 animadverti
476 1151 513 1186 et
539 1150 717 1187 arcessiri.
751 1149 833 1186 fieri
859 1150 974 1197 igitur
999 1152 1152 1197 poterat,
1187 1155 1231 1185 ut
1262 1149 1398 1184 chorus
1431 1148 1522 1184 Ione
1556 1149 1672 1184 inscio
1705 1149 1822 1185 libum
1850 1149 2082 1196 sacrificaret,
2119 1162 2137 1186 s
2151 1152 2165 1185 i

204 1210 397 1259 quidem
434 1222 581 1256 aram,
623 1211 672 1246 in
709 1222 800 1257 qua
844 1210 1141 1256 offerretur,
1193 1212 1332 1246 extra
1376 1220 1533 1246 aream
1576 1209 1731 1247 fuisse
1777 1211 2017 1247 sumimus.
2065 1211 2166 1259 quod

203 1270 475 1310 Schoemannus
499 1269 625 1308 verbis
651 1270 722 1320 πρὸ
749 1271 874 1318 δόμων
898 1274 1023 1308 motus
1049 1273 1178 1322 negat3
1219 1271 1318 1308 sumi
1343 1273 1468 1307 tamen
1506 1281 1613 1319 posse
1650 1271 1721 1307 alio
1759 1271 1872 1308 huius
1912 1271 2048 1307 fabulae
2084 1272 2164 1308 loco

202 1333 375 1383 probabo.
398 1334 630 1383 χρηστήριον
663 1334 773 1381 6ιιιιιι,
806 1333 908 1382 quod
933 1334 1047 1371 initio·
1066 1333 1204 1370 fabulae
1229 1333 1399 1370 nondum
1424 1336 1623 1370 mactatum
1649 1333 1762 1370 fuisse
1785 1346 1817 1369 v.
1847 1334 1920 1370 228
1948 1333 2063 1381 docet,
2095 1335 2165 1371 im·

202 1395 384 1432 molatum
413 1398 469 1432 est
493 1394 621 1443 paullo
648 1397 733 1431 ante
760 1405 873 1442 quam
897 1394 1051 1432 Xuthus
1079 1395 1230 1432 advenit
1248 1396 1361 1442 (401),
1388 1396 1498 1431 sicuti
1524 1396 1602 1443 ipse
1630 1395 1718 1431 dicit
1743 1407 1776 1430 v,
1804 1397 1877 1431 418
1906 1407 1958 1443 sq.
1987 1397 2164 1443 quoniam

202 1460 328 1494 autem
354 1456 401 1494 de
428 1456 608 1494 sacrificio
634 1457 714 1506 ipso
742 1456 836 1494 nihil
863 1451 1046 1504 audimus,
1071 1457 1112 1494 ιιι
1140 1467 1264 1494 scaena
1289 1456 1430 1495 factum
1456 1468 1532 1494 non
1559 1467 1637 1494 esse
1664 1460 1831 1505 apparet;
1859 1459 1984 1494 tamen
2002 1456 2157 1495 Xuthus

201 1519 392 1556 victimam
419 1535 443 1555 π
456 1524 508 1567 ρο
533 1520 649 1556 ναοῦ
671 1518 851 1556 cecidisse
868 1517 1072 1567 profitetur.
1100 1518 1342 1567 quamobrem
1362 1519 1471 1556 sic-uti
1490 1530 1562 1566 ara,
1584 1519 1623 1555 ιιι
1651 1530 1723 1567 qua
1740 1519 1891 1555 victima
1917 1519 2161 1568 mactabatur,

202 1590 245 1618 eo
270 1579 429 1629 periboli
455 1579 536 1616 loco
563 1582 652 1626 erat,
679 1580 743 1627 qui
770 1590 893 1616 scaena
918 1591 995 1616 non
1020 1583 1350 1629 repraesentaretur
1361 1579 1399 1627 ³),
1424 1581 1476 1616 ita
1497 1581 1542 1616 de
1570 1592 1633 1616 ara
1658 1580 1743 1616 libis
1762 1580 1956 1616 offerendis
1976 1581 2162 1618 destinata

200 1641 301 1680 idem
327 1641 464 1680 sentire
492 1639 678 1678 debemus.
706 1640 930 1678 collocamus
957 1644 1081 1679 autem
1108 1642 1296 1691 aptissime
1322 1642 1363 1677 ιιι
1390 1641 1494 1677 aditu
1521 1642 1615 1677 sacri
1642 1641 1796 1690 periboli
1822 1653 1934 1689 prope
1971 1641 2161 1692 ἀπορραν-

200 1705 323 1754 τήρια,
348 1704 430 1751 ipsa
454 1704 495 1738 in
528 1713 651 1739 scaena
676 1714 752 1739 non
780 1702 1029 1751 conspecta4),
1054 1705 1096 1739 in
1123 1715 1207 1751 quae
1241 1703 1311 1740 Ion
1346 1715 1470 1740 scaena
1505 1705 1639 1741 cedens
1677 1717 1811 1752 aquam
1846 1705 2009 1742 infundit
2045 1708 2160 1753 (435).

199 1762 256 1801 illi
281 1764 397 1813 igitur
423 1763 488 1812 qui
515 1763 708 1801 oraculum
736 1764 944 1801 consulturi
979 1767 1085 1801 erant
1111 1763 1269 1800 vixdum
1297 1763 1355 1801 dei
1381 1764 1588 1812 peribolum
1615 1765 1791 1802 intrantes
1825 1777 1959 1813 aquam
1987 1766 2158 1806 Castaliae

200 1825 274 1863 sibi
300 1825 554 1874 adspergendo
581 1828 618 1862 et
642 1826 763 1862 libum
790 1826 973 1863 offerendo
1001 1826 1047 1862 ad
1073 1837 1152 1863 rem
1180 1837 1323 1863 sacram
1350 1837 1389 1862 se
1415 1827 1671 1875 praeparabant
1685 1825 1721 1873 ⁵).

322 1887 498 1935 thymelae
525 1889 660 1925 autem.
684 1887 815 1936 templi
849 1887 1089 1926 circumdatae
1128 1887 1246 1926 fuisse
1271 1888 1447 1925 videntur
1473 1889 1605 1936 saeptis.
1634 1888 1731 1937 quod
1758 1893 1799 1925 ut
1827 1901 2019 1927 sumamus
2060 1903 2159 1929 com·

199 1950 324 1986 movet
350 1948 496 1996 chorus,
528 1960 614 1986 cum
641 1948 771 1987 Ionem
805 1950 1008 1998 interrogat
1034 1948 1166 1998 (220):
1198 1951 1312 1996 θέμις
1335 1951 1480 1999 γυάλων
1505 1951 1708 2000 ἱπερβῆναι
1732 1955 1848 2002 λευκῷ
1872 1956 1962 1990 ποδί
1988 1953 2157 2007 [βαλόν],·

200 2021 312 2059 quem
337 2011 412 2047 nisi
439 2010 529 2059 quid
554 2010 779 2059 impedisset,
814 2014 914 2048 certe
947 2011 1077 2059 templi
1110 2010 1386 2059 magnificentia
1420 2012 1572 2049 allectus
1608 2014 1718 2050 venia
1749 2025 1824 2050 non
1859 2015 1973 2062 petita
2001 2017 2155 2064 propius

199 2072 423 2110 accessisset.
452 2070 623 2109 Graecum
651 2074 776 2110 autem
802 2072 934 2109 horum
962 2075 1164 2121 saeptorum
1198 2083 1345 2121 nomen,
1371 2073 1410 2110 id
1438 2074 1536 2122 quod
1562 2075 1636 2111 iam
1663 2074 1907 2112 Schoemanno
1936 2078 2060 2113 visum
2090 2082 2155 2125 est,

197 2137 288 2182 puto
311 2129 397 2171 'esse
423 2135 589 2183 θριγκός,
620 2135 683 2171 cui
709 2146 742 2171 v.
771 2135 924 2183 quidem
953 2135 1050 2171 1321
1080 2146 1124 2171 ea
1156 2147 1268 2183 quam
1301 2136 1394 2172 solet
1419 2135 1553 2173 habere
1579 2138 1678 2173 notio
1706 2149 1781 2174 non
1807 2142 1928 2186 potest
1954 2139 2151 2188 imputari:

1118 2206 1275 2254 τρίποδα
1300 2205 1369 2255 γὰρ
1392 2205 1617 2256 χρηστήριον

779 2264 937 2300 λιποῦσα
960 2265 1119 2312 θριγκοῦ
1142 2265 1245 2301 τοῦδ’
1270 2264 1486 2313 ὑπερβάλλω
1513 2266 1612 2301 ποδί.

319 2395 344 2437 ²)
366 2393 535 2436 ἀνάκτορα
555 2396 598 2429 ud
616 2396 726 2430 totum
746 2395 930 2438 peribolum
950 2396 1118 2439 pertinent
1137 2408 1167 2430 v.
1190 2396 1280 2436 1224,
1302 2397 1342 2430 de
1364 2407 1427 2438 quo
1448 2399 1518 2431 loco
1539 2398 1625 2431 infra
1646 2398 1761 2431 dicam.

301 2447 344 2488 J)
369 2447 577 2487 χρηστήριον
608 2448 630 2478 ι.
645 2457 680 2478 ὀ.
700 2448 807 2479 hostia
832 2450 1010 2487 antequam
1041 2450 1172 2481 oracula
1202 2452 1386 2489 peterentur
1407 2451 1526 2486 oblata,
1556 2453 1592 2481 ut
1613 2455 1864 2490 cognosceretur,
1898 2454 2041 2485 velletne
2075 2456 2154 2486 deus

193 2509 231 2533 eo
251 2498 323 2541 ipso
344 2499 397 2534 die
417 2498 598 2539 vaticinari,
619 2497 686 2533 fuit
706 2498 775 2532 ovis
795 2500 854 2533 aut
873 2501 985 2533 taurus
1006 2501 1066 2534 aut
1085 2511 1138 2534 sus
1159 2502 1218 2535 aut
1239 2510 1344 2543 capra.
1366 2500 1404 2533 cf.
1426 2500 1635 2534 Plutarchum
1656 2502 1696 2534 de
1718 2511 1761 2534 or.
1784 2502 1844 2537 def.
1861 2503 1900 2535 49
1923 2502 1967 2546 (p.
1984 2504 2053 2538 783.
2070 2506 2152 2546 784).

317 2550 344 2590 ⁸)
363 2561 430 2583 non
450 2554 521 2584 erat
539 2552 643 2591 igitur
662 2560 720 2581 ara
740 2551 906 2590 thymeloea-
926 2556 1194 2585 commemoratur
1214 2555 1282 2584 hoec
1304 2552 1428 2591 ἐσχάρα
1450 2555 1549 2585 etiam
1569 2555 1668 2585 Andr.
1691 2555 1771 2586 1100
1793 2566 1848 2594 sq.5
1882 2557 1939 2587 sed
1960 2568 2026 2588 non
2046 2559 2095 2589 ita
2116 2563 2154 2591 ut

192 2600 233 2634 de
253 2601 324 2636 loco
344 2602 414 2636 eius
435 2602 562 2645 aliquid
583 2601 751 2635 discamus.

313 2652 402 2702 ⁴)ef.
422 2655 504 2687 Pon.
525 2656 542 2687 1
561 2656 591 2687 8.
612 2656 677 2688 duo
698 2656 964 2698 περιρραντήρια
994 2658 1150 2699 Delphica
1181 2668 1201 2689 a.
1222 2659 1327 2691 Croeso
1359 2658 1514 2694 dedicata,
1541 2667 1676 2690 aureum
1696 2658 1844 2696 alterum,
1876 2660 2016 2692 alterum
2038 2672 2154 2702 argen-

190 2704 279 2736 teum
299 2708 529 2740 memoret
547 2707 730 2741 Herodotu·
750 2708 766 2741 Ι
786 2709 852 2742 51..

312 2755 340 2795 ⁸)
360 2758 448 2797 quod
468 2767 566 2799 supr·
586 2760 755 2792 docuimus
775 2762 894 2801 probat
913 2761 1015 2793 Xuthi
1042 2772 1116 2794 cum
1136 2761 1172 2792 ιιι
1193 2771 1327 2793 scaenum
1359 2761 1467 2800 prodit
1497 2761 1616 2801 agendi
1647 2761 1731 2793 ratio
1763 2762 1821 2794 401
1833 2775 1841 2799 ;
1873 2764 2034 2804 templum
2066 2766 2153 2797 enim

188 2805 291 2841 intrat
310 2806 378 2842 libo
397 2818 463 2844 non
484 2810 606 2845 oblato.
627 2811 742 2855 itaque
762 2814 870 2852 antea,
893 2813 932 2847 ut
952 2812 1033 2846 mihi
1054 2812 1183 2855 quidem
1204 2812 1330 2846 videtur
1349 2811 1384 2844 in
1405 2811 1497 2844 aditu
1517 2811 1666 2853 periboli,
1694 2813 1851 2847 obtulisse
1871 2814 2028 2847 dicendus
2050 2818 2111 2848 est.

2092 2889 2123 2913 2·
