2362 3225
279 776 281 778 ,
307 707 495 783 Fabulae
528 738 671 787 aliquot
694 737 914 787 Euripideas
939 738 1014 776 iam
1039 737 1182 788 pridem
1211 738 1263 776 ita
1289 749 1387 776 eram
1413 741 1642 786 tractaturus,
1678 741 1719 777 ut
1745 750 1830 776 cum
1856 738 2022 788 singulos
2048 738 2148 776 locos

185 800 238 845 ab.
262 799 461 851 editoribus
501 801 547 849 et·
575 798 835 847 interpretibus
876 800 1001 836 minus
1039 800 1240 836 intellectos
1281 800 1499 847 explicarem
1534 804 1570 835 et
1605 801 1834 836 emendarem
1874 804 1955 837 tum
1991 801 2147 837 maiores

185 863 418 909 quaestiones,
445 871 529 908 quae
556 863 621 899 aut
644 862 730 903 totis
755 860 888 899 fabulis
914 863 978 899 aut
993 860 1159 909 partibus
1182 860 1401 910 quibusdam
1426 862 1544 899 lucem
1571 861 1696 899 afferre
1721 864 1879 911 possent,
1905 861 2146 899 instituerem.

184 921 249 962 sed
273 919 417 971 schednss
443 914 701 970 premebantur
722 921 882 968 seriniis
896 921 1105 970 frustraque
1131 922 1232 958 exire
1258 922 1461 969 cupiebant,
1497 922 1583 957 dum
1609 923 1734 957 classis
1760 933 1967 958 numerosae
2004 923 2148 967 ,occidit

183 983 360 1021 miserum
385 982 530 1022 crambe
556 984 710 1031 repetita
734 982 970 1031 magistrum‘.
997 982 1103 1022 valde
1127 985 1250 1028 autem
1276 983 1414 1031 optanti
1438 982 1528 1019 mihi
1555 983 1691 1031 cecidit,
1717 986 1758 1020 ut
1784 983 1870 1020 huic
1895 983 2019 1021 libello
2042 982 2146 1020 scho-

183 1042 310 1080 lastico
326 1042 478 1093 praefaii.
497 1042 651 1083 iuberer.
678 1043 908 1093 itaque-viris
935 1044 1049 1081 doctis
1074 1044 1341 1092 nuncquidem
1366 1056 1481 1080 unam
1505 1045 1665 1080 fabulam
1682 1045 1944 1092 perlustratam
1955 1055 2141 1092 propono:

184 1104 316 1154 quodsi
341 1115 461 1147 meam
487 1116 634 1153 operam
659 1105 904 1153 probaverint,
930 1108 1067 1143 ceteras
1093 1096 1352 1143 subsecuturas
1379 1117 1456 1143 esse
1482 1107 1659 1154 promitte.

852 1247 986 1347 IoN
1023 1291 1475 1348 TRAGTATVR

303 1422 324 1458 1
352 1422 433 1465 Quo
459 1433 507 1459 ex
533 1425 694 1470 tempore
718 1424 790 1459 viri
822 1424 919 1459 docti
944 1424 1072 1465 Ionem
1097 1424 1332 1472 Euripideam
1368 1427 1594 1472 interpretari
1628 1429 1832 1472 coeperunt,
1860 1426 1970 1461 huius
2004 1426 2141 1461 fabulae

181 1495 258 1521 res
284 1484 534 1523 scaenicae
559 1484 697 1521 mirum
724 1487 904 1533 quantum
929 1487 1070 1522 mentes
1097 1486 1405 1534 cogitationesque
1432 1496 1556 1523 eorum
1582 1487 1621 1523 in
1648 1496 1686 1523 se
1712 1489 1988 1533 converterunt3
2018 1497 2141 1536 neque

181 1546 287 1584 enim·
305 1545 426 1584 solum
451 1556 519 1595 per
545 1556 585 1583 se
609 1546 802 1588 materiam
828 1546 874 1583 ad
900 1547 1131 1584 tractandum
1149 1547 1401 1596 dignissimam
1427 1548 1596 1597 praebere,
1624 1549 1685 1584 sed
1705 1549 1812 1583 etiam
1839 1548 1884 1583 ad
1903 1549 2139 1595 antiquitates

181 1606 380 1655 Delphicas
405 1607 676 1655 cognoscendas
703 1610 740 1643 et
764 1608 1001 1645 illustrandas
1036 1610 1246 1656 plurimum·
1274 1610 1435 1646 conferre
1460 1610 1685 1646 videbantur.
1721 1610 1848 1645 multae
1875 1611 2063 1657 variaeque
2098 1615 2139 1646 ut

180 1670 220 1705 in
254 1680 296 1706 re
330 1668 544 1707 difficillima
577 1681 698 1718 neque
732 1682 808 1708 una
832 1682 881 1708 ex
905 1672 1008 1719 parte
1033 1669 1258 1709 subobscura
1291 1671 1440 1720 prolatae
1477 1673 1562 1709 sunt
1596 1671 1804 1717 sententiae3
1842 1670 1982 1719 aliquot
2015 1681 2139 1720 neque

180 1739 303 1767 rerum
329 1732 463 1767 natura
486 1740 609 1780 neque
636 1732 756 1769 causis
783 1741 831 1768 ex
856 1732 936 1781 ipso
961 1734 1067 1779 poeta
1092 1733 1215 1780 petitis
1241 1734 1328 1768 satis
1362 1733 1515 1768 munitae
1550 1736 1685 1767 tantam
1721 1733 1937 1778 procedente
1973 1736 2138 1779 tempore

177 1795 358 1828 >assecutae
392 1795 480 1828 sunt
513 1794 773 1840 auctoritatem,
808 1797 851 1830 ut
875 1805 978 1830 nunc
1009 1796 1144 1830 temere
1170 1794 1371 1831 credantur.
1413 1806 1524 1842 quare
1562 1795 1668 1831 istam
1699 1795 1888 1830 materiam
1922 1797 2137 1842 perpetuam

180 1852 316 1891 iterum
354 1854 510 1891 tractare
538 1853 700 1903 quidque
734 1854 822 1892 sciri
857 1853 947 1903 quid
981 1854 1116 1892 nesciri
1142 1857 1265 1904 posset
1299 1858 1465 1892 accurata
1491 1857 1605 1904 poetae
1641 1856 1937 1903 interpretatione
1962 1855 2136 1903 indagare

180 1915 270 1950 mihi
295 1916 478 1963 proposui.

300 1978 558 2026 gravissimum
600 1978 714 2027 igitur
752 1989 884 2016 scaenae
929 1990 1014 2016 cum
1048 1978 1118 2016 Ion
1152 1979 1308 2016 Athenis
1352 1982 1518 2028 ageretur
1557 1981 1810 2015 ornamentum
1848 1978 1918 2015 fuit
1957 1979 2136 2027 templum

178 2039 362 2088 Apollinis
378 2038 597 2088 Delphicum
623 2040 670 2077 ad
694 2040 833 2077 medias
859 2041 985 2078 valvas
1011 2043 1248 2077 exstructum
1278 2042 1375 2089 quod
1402 2053 1448 2077 ex
1475 2041 1620 2088 obliquo
1647 2043 1888 2088 spectatorum
1915 2040 2032 2077 oculis
2050 2041 2135 2076 sub-

176 2101 314 2138 iectum
351 2100 465 2139 fuisse
499 2101 622 2139 docuit
655 2100 992 2149 Sohoenbornius1)‚
1027 2103 1133 2139 cuius
1167 2103 1385 2140 sententiam
1418 2103 1470 2139 ita
1504 2102 1694 2150 amplexus
1729 2104 1783 2137 est
1808 2100 2059 2147 Enthovenus,
2093 2105 2135 2137 ut

179 2173 266 2200 eum
290 2163 417 2211 templi
442 2163 630 2211 angulum,
670 2164 735 2211 qui
772 2166 827 2200 est
858 2164 954 2200 inter
989 2159 1119 2201 ortum
1144 2165 1231 2201 solis
1267 2167 1304 2201 et
1335 2165 1604 2212 septentriones,
1640 2162 1903 2211 spectatoribus
1939 2163 2133 2199 adversum

177 2223 292 2260 fuisse
331 2223 465 2260 diceret
475 2222 518 2272 ¹).
563 2224 610 2260 ad
648 2225 743 2260 hanc
781 2227 904 2261 tamen
943 2226 1183 2272 quaestionem
1229 2227 1293 2273 qui
1329 2226 1442 2262 libero
1485 2226 1619 2261 iudicio
1662 2225 1870 2272 aggreditur
1909 2224 2027 2260 facere
2070 2225 2135 2260 vix

176 2287 303 2333 potest,
331 2285 421 2333 quin
446 2285 547 2321 istud
572 2296 658 2323 vere
685 2286 758 2323 dici
783 2289 899 2335 neget.
929 2286 1043 2335 quid?
1079 2287 1110 2323 si
1136 2286 1204 2323 Ion
1230 2286 1382 2323 Xuthus
1407 2286 1539 2333 Pythia
1573 2297 1649 2322 non
1683 2285 1906 2321 exadversus
1941 2286 2135 2332 theatrum,

177 2346 242 2382 sed
268 2356 288 2382 e
314 2346 462 2382 sinistra
486 2348 682 2394 proscaenii
716 2351 819 2395 parte
844 2348 1024 2396 templum
1048 2349 1229 2384 intrarent
1263 2349 1597 2395 relinquerentque3
1636 2348 1667 2383 si
1702 2357 1868 2393 personae
1900 2349 1963 2382 aut
1996 2346 2133 2382 fabulae

176 2405 277 2455 leges
305 2408 440 2444 secutae
466 2407 506 2443 in
533 2408 681 2445 sinistro
706 2408 840 2457 pulpiti
866 2419 982 2445 cornu
1008 2411 1156 2457 agerent
1182 2411 1255 2456 aut,
1283 2408 1381 2457 quod
1407 2418 1539 2444 scaenae
1574 2409 1706 2443 natura
1731 2407 1856 2455 poscit,
1893 2417 1976 2442 area
2001 2407 2131 2454 templi

175 2468 302 2506 relicta
327 2468 490 2505 medium
515 2469 699 2518 pulpitum
724 2473 952 2519 occuparent,
986 2482 1110 2507 nonne
1144 2471 1224 2506 haec
1259 2471 1380 2506 omnia
1406 2469 1667 2517 spectatoribus
1693 2480 1789 2504 nova
1814 2468 2003 2516 inopinata
2028 2469 2135 2504 inau-

176 2530 251 2566 dita
275 2531 510 2568 viderentur?
538 2531 628 2579 quid
653 2532 768 2568 vero?
795 2532 957 2579 chorum,
984 2533 1049 2580 qui
1075 2545 1108 2568 v.
1138 2532 1209 2568 510
1238 2524 1339 2577 ἀμφὶ
1362 2529 1545 2577 κρηπῖδας
1571 2527 1696 2575 δόμων
1723 2551 1771 2556 -
1800 2530 1845 2566 ad
1863 2532 2005 2578 portam
2034 2532 2133 2566 certe

174 2591 302 2640 templi
330 2613 377 2619 —-
404 2591 525 2630 Xuthi
550 2592 708 2630 reditum
733 2596 929 2643 exspectat,
956 2593 1138 2643 quomodo
1164 2592 1229 2629 tibi
1255 2593 1295 2628 in
1321 2593 1504 2629 orchestra
1530 2592 1748 2640 dispositum
1787 2591 1924 2639 fingis?
1964 2592 2136 2628 videmus

299 2734 322 2774 ι)
345 2735 393 2765 die
414 2734 510 2767 Skene
531 2736 587 2767 der
608 2737 755 2768 Hostem
775 2748 807 2779 p.
831 2738 898 2769 177.

298 2784 324 2823 ¹)
346 2786 386 2816 de
407 2786 483 2817 Ione
505 2787 619 2818 fabula
640 2788 813 2828 Euripides
835 2789 1026 2828 quaestiones
1048 2789 1174 2820 selectae
1196 2798 1227 2826 p.
1249 2787 1298 2818 42.
