<?xml version="1.0" encoding="UTF-8"?>
<!DOCTYPE html PUBLIC "-//W3C//DTD XHTML 1.0 Transitional//EN"
    "http://www.w3.org/TR/xhtml1/DTD/xhtml1-transitional.dtd">
<html xmlns="http://www.w3.org/1999/xhtml" xml:lang="en" lang="en">
 <head>
  <title>
</title>
<meta http-equiv="Content-Type" content="text/html;charset=utf-8" />
  <meta name='ocr-system' content='tesseract 3.04.00' />
  <meta name='ocr-capabilities' content='ocr_page ocr_carea ocr_par ocr_line ocrx_word'/>
</head>
<body>
  <div class='ocr_page' id='page_1' title='image "./4774707_0021.png"; bbox 0 0 2362 3225; ppageno 0'>
   <div class='ocr_carea' id='block_1_1' title="bbox 1153 143 1198 180">
    <p class='ocr_par' dir='ltr' id='par_1_1' title="bbox 1153 143 1198 180">
     <span class='ocr_line' id='line_1_1' title="bbox 1153 143 1198 180; baseline 0 0"><span class='ocrx_word' id='word_1_1' title='bbox 1153 143 1198 180; x_wconf 81' lang='lat'><strong>15</strong></span> 
     </span>
    </p>
   </div>
   <div class='ocr_carea' id='block_1_2' title="bbox 1052 195 1295 203">
    <p class='ocr_par' dir='ltr' id='par_1_2' title="bbox 1052 195 1295 203">
     <span class='ocr_line' id='line_1_2' title="bbox 1052 195 1295 203; baseline 0 3022"><span class='ocrx_word' id='word_1_2' title='bbox 1052 195 1295 203; x_wconf 95' lang='lat' dir='ltr'><strong> </strong></span> 
     </span>
    </p>
   </div>
   <div class='ocr_carea' id='block_1_3' title="bbox 195 261 2160 1365">
    <p class='ocr_par' dir='ltr' id='par_1_3' title="bbox 195 261 2160 1365">
     <span class='ocr_line' id='line_1_3' title="bbox 196 261 2155 314; baseline -0.002 -4"><span class='ocrx_word' id='word_1_3' title='bbox 196 272 392 310; x_wconf 71' lang='lat' dir='ltr'><strong>frondibus</strong></span> <span class='ocrx_word' id='word_1_4' title='bbox 430 283 508 309; x_wconf 92' lang='lat' dir='ltr'><strong>non</strong></span> <span class='ocrx_word' id='word_1_5' title='bbox 545 272 672 309; x_wconf 85' lang='lat' dir='ltr'><strong>minus</strong></span> <span class='ocrx_word' id='word_1_6' title='bbox 710 271 838 307; x_wconf 82' lang='lat' dir='ltr'><strong>nostra</strong></span> <span class='ocrx_word' id='word_1_7' title='bbox 876 269 985 304; x_wconf 71' lang='lat' dir='ltr'><strong>aetate</strong></span> <span class='ocrx_word' id='word_1_8' title='bbox 1020 261 1132 314; x_wconf 75' lang='lat' dir='ltr'><strong>quam</strong></span> <span class='ocrx_word' id='word_1_9' title='bbox 1171 267 1258 307; x_wconf 75' lang='lat' dir='ltr'><strong>olim</strong></span> <span class='ocrx_word' id='word_1_10' title='bbox 1286 268 1400 304; x_wconf 87' lang='lat' dir='ltr'><strong>sacris</strong></span> <span class='ocrx_word' id='word_1_11' title='bbox 1427 268 1562 305; x_wconf 83' lang='lat' dir='ltr'><strong>sacella</strong></span> <span class='ocrx_word' id='word_1_12' title='bbox 1596 279 1665 306; x_wconf 84' lang='lat' dir='ltr'><strong>sua</strong></span> <span class='ocrx_word' id='word_1_13' title='bbox 1689 267 1794 305; x_wconf 77' lang='lat' dir='ltr'><strong>festis</strong></span> <span class='ocrx_word' id='word_1_14' title='bbox 1829 268 1959 307; x_wconf 87' lang='lat' dir='ltr'><strong>diebus</strong></span> <span class='ocrx_word' id='word_1_15' title='bbox 1994 280 2155 307; x_wconf 85' lang='lat' dir='ltr'><strong>ornasse.</strong></span> 
     </span>
     <span class='ocr_line' id='line_1_4' title="bbox 199 326 2155 385; baseline 0.003 -22"><span class='ocrx_word' id='word_1_16' title='bbox 199 342 322 383; x_wconf 68' lang='lat' dir='ltr'><strong>neque</strong></span> <span class='ocrx_word' id='word_1_17' title='bbox 347 332 451 371; x_wconf 76' lang='lat' dir='ltr'><strong>unde</strong></span> <span class='ocrx_word' id='word_1_18' title='bbox 477 333 606 381; x_wconf 55' lang='grc' dir='ltr'><strong><em>στίβος</em></strong></span> <span class='ocrx_word' id='word_1_19' title='bbox 616 328 852 385; x_wconf 51' lang='grc' dir='ltr'><strong>ηεμφηής</strong></span> <span class='ocrx_word' id='word_1_20' title='bbox 853 327 923 364; x_wconf 80' lang='lat' dir='ltr'><strong>ad</strong></span> <span class='ocrx_word' id='word_1_21' title='bbox 930 327 1114 376; x_wconf 79' lang='lat' dir='ltr'><strong>templum</strong></span> <span class='ocrx_word' id='word_1_22' title='bbox 1133 326 1292 376; x_wconf 82' lang='lat' dir='ltr'><strong>duxerit,</strong></span> <span class='ocrx_word' id='word_1_23' title='bbox 1316 330 1399 377; x_wconf 87' lang='lat' dir='ltr'><strong>post</strong></span> <span class='ocrx_word' id='word_1_24' title='bbox 1415 327 1565 366; x_wconf 79' lang='lat' dir='ltr'><strong>Miilleri</strong></span> <span class='ocrx_word' id='word_1_25' title='bbox 1590 327 1664 366; x_wconf 90' lang='lat' dir='ltr'><strong>iter</strong></span> <span class='ocrx_word' id='word_1_26' title='bbox 1680 327 1905 378; x_wconf 90' lang='lat' dir='ltr'><strong>Delphicum</strong></span> <span class='ocrx_word' id='word_1_27' title='bbox 1932 330 2155 368; x_wconf 79' lang='lat' dir='ltr'><strong>dubitamus.</strong></span> 
     </span>
     <span class='ocr_line' id='line_1_5' title="bbox 195 382 2156 439; baseline 0 -8"><span class='ocrx_word' id='word_1_28' title='bbox 195 396 361 433; x_wconf 80' lang='lat' dir='ltr'><strong>maxime</strong></span> <span class='ocrx_word' id='word_1_29' title='bbox 387 396 487 432; x_wconf 88' lang='lat' dir='ltr'><strong>enim</strong></span> <span class='ocrx_word' id='word_1_30' title='bbox 513 382 665 431; x_wconf 73' lang='lat' dir='ltr'><strong>arduus</strong></span> <span class='ocrx_word' id='word_1_31' title='bbox 673 390 994 437; x_wconf 70' lang='lat' dir='ltr'><strong>difficillimusque</strong></span> <span class='ocrx_word' id='word_1_32' title='bbox 1020 394 1195 426; x_wconf 72' lang='lat' dir='ltr'><strong>ascensus</strong></span> <span class='ocrx_word' id='word_1_33' title='bbox 1222 393 1300 426; x_wconf 87' lang='lat' dir='ltr'><strong>erat</strong></span> <span class='ocrx_word' id='word_1_34' title='bbox 1324 402 1346 426; x_wconf 91' lang='lat' dir='ltr'><strong>a</strong></span> <span class='ocrx_word' id='word_1_35' title='bbox 1370 394 1473 438; x_wconf 88' lang='lat' dir='ltr'><strong>parte</strong></span> <span class='ocrx_word' id='word_1_36' title='bbox 1498 392 1742 439; x_wconf 80' lang='lat' dir='ltr'><strong>meridionali,</strong></span> <span class='ocrx_word' id='word_1_37' title='bbox 1768 391 1836 428; x_wconf 89' lang='lat' dir='ltr'><strong>ubi</strong></span> <span class='ocrx_word' id='word_1_38' title='bbox 1863 391 2156 431; x_wconf 78' lang='lat' dir='ltr'><strong>substructiones</strong></span> 
     </span>
     <span class='ocr_line' id='line_1_6' title="bbox 197 447 2156 504; baseline -0.002 -9"><span class='ocrx_word' id='word_1_39' title='bbox 197 453 368 495; x_wconf 76' lang='lat' dir='ltr'><strong>arearum</strong></span> <span class='ocrx_word' id='word_1_40' title='bbox 394 451 536 493; x_wconf 74' lang='lat' dir='ltr'><strong>effossoe</strong></span> <span class='ocrx_word' id='word_1_41' title='bbox 561 454 661 501; x_wconf 82' lang='lat' dir='ltr'><strong>sunt,</strong></span> <span class='ocrx_word' id='word_1_42' title='bbox 695 460 781 501; x_wconf 81' lang='lat' dir='ltr'><strong>quae</strong></span> <span class='ocrx_word' id='word_1_43' title='bbox 813 451 856 488; x_wconf 90' lang='lat' dir='ltr'><strong>in</strong></span> <span class='ocrx_word' id='word_1_44' title='bbox 880 449 992 488; x_wconf 85' lang='lat' dir='ltr'><strong>titulo</strong></span> <span class='ocrx_word' id='word_1_45' title='bbox 1017 447 1197 499; x_wconf 87' lang='lat' dir='ltr'><strong>Delphico</strong></span> <span class='ocrx_word' id='word_1_46' title='bbox 1223 448 1469 502; x_wconf 75' lang='grc' dir='ltr'><strong><em>ἀναλήμματα</em></strong></span> <span class='ocrx_word' id='word_1_47' title='bbox 1492 455 1673 490; x_wconf 82' lang='lat' dir='ltr'><strong>vocantur</strong></span> <span class='ocrx_word' id='word_1_48' title='bbox 1684 450 1725 503; x_wconf 89' lang='lat'><strong>¹)</strong></span> <span class='ocrx_word' id='word_1_49' title='bbox 1757 453 1834 490; x_wconf 75' lang='lat' dir='ltr'><strong>iam</strong></span> <span class='ocrx_word' id='word_1_50' title='bbox 1859 462 1949 490; x_wconf 90' lang='lat' dir='ltr'><strong>cum</strong></span> <span class='ocrx_word' id='word_1_51' title='bbox 1974 455 2156 504; x_wconf 90' lang='lat' dir='ltr'><strong>templum</strong></span> 
     </span>
     <span class='ocr_line' id='line_1_7' title="bbox 197 512 2156 563; baseline -0.002 -7"><span class='ocrx_word' id='word_1_52' title='bbox 197 519 245 556; x_wconf 78' lang='lat' dir='ltr'><strong>ad</strong></span> <span class='ocrx_word' id='word_1_53' title='bbox 269 515 452 555; x_wconf 81' lang='lat' dir='ltr'><strong>orientem</strong></span> <span class='ocrx_word' id='word_1_54' title='bbox 477 518 616 563; x_wconf 83' lang='lat' dir='ltr'><strong>vergat,</strong></span> <span class='ocrx_word' id='word_1_55' title='bbox 640 512 749 551; x_wconf 86' lang='lat' dir='ltr'><strong>vides</strong></span> <span class='ocrx_word' id='word_1_56' title='bbox 764 523 833 550; x_wconf 85' lang='lat' dir='ltr'><strong>cur</strong></span> <span class='ocrx_word' id='word_1_57' title='bbox 850 512 1028 550; x_wconf 76' lang='lat' dir='ltr'><strong>Creusam</strong></span> <span class='ocrx_word' id='word_1_58' title='bbox 1054 523 1140 549; x_wconf 91' lang='lat' dir='ltr'><strong>cum</strong></span> <span class='ocrx_word' id='word_1_59' title='bbox 1166 513 1365 561; x_wconf 84' lang='lat' dir='ltr'><strong>paedagogo</strong></span> <span class='ocrx_word' id='word_1_60' title='bbox 1391 526 1457 562; x_wconf 89' lang='lat' dir='ltr'><strong>per</strong></span> <span class='ocrx_word' id='word_1_61' title='bbox 1482 516 1669 552; x_wconf 86' lang='lat' dir='ltr'><strong>sinistram</strong></span> <span class='ocrx_word' id='word_1_62' title='bbox 1695 526 1831 552; x_wconf 83' lang='lat' dir='ltr'><strong>scaenae</strong></span> <span class='ocrx_word' id='word_1_63' title='bbox 1848 512 2001 553; x_wconf 80' lang='lat' dir='ltr'><strong>ianuam</strong></span> <span class='ocrx_word' id='word_1_64' title='bbox 2019 517 2156 553; x_wconf 86' lang='lat' dir='ltr'><strong>intrare</strong></span> 
     </span>
     <span class='ocr_line' id='line_1_8' title="bbox 196 573 2159 626; baseline -0.001 -9"><span class='ocrx_word' id='word_1_65' title='bbox 196 577 400 624; x_wconf 80' lang='lat' dir='ltr'><strong>voluerim3</strong></span> <span class='ocrx_word' id='word_1_66' title='bbox 437 575 538 625; x_wconf 88' lang='lat' dir='ltr'><strong>quod</strong></span> <span class='ocrx_word' id='word_1_67' title='bbox 564 575 597 613; x_wconf 90' lang='grc'><strong>01</strong></span> <span class='ocrx_word' id='word_1_68' title='bbox 621 573 766 624; x_wconf 89' lang='lat' dir='ltr'><strong>probas,</strong></span> <span class='ocrx_word' id='word_1_69' title='bbox 803 584 955 612; x_wconf 86' lang='lat' dir='ltr'><strong>necesse</strong></span> <span class='ocrx_word' id='word_1_70' title='bbox 982 576 1037 611; x_wconf 88' lang='lat' dir='ltr'><strong>est</strong></span> <span class='ocrx_word' id='word_1_71' title='bbox 1069 584 1137 623; x_wconf 89' lang='lat' dir='ltr'><strong>per</strong></span> <span class='ocrx_word' id='word_1_72' title='bbox 1164 573 1355 611; x_wconf 84' lang='lat' dir='ltr'><strong>dexteram</strong></span> <span class='ocrx_word' id='word_1_73' title='bbox 1390 574 1490 613; x_wconf 87' lang='lat' dir='ltr'><strong>abire</strong></span> <span class='ocrx_word' id='word_1_74' title='bbox 1515 575 1743 614; x_wconf 80' lang='lat' dir='ltr'><strong>Mercurium</strong></span> <span class='ocrx_word' id='word_1_75' title='bbox 1765 578 1806 614; x_wconf 88' lang='lat' dir='ltr'><strong>in</strong></span> <span class='ocrx_word' id='word_1_76' title='bbox 1831 577 2031 625; x_wconf 74' lang='lat' dir='ltr'><strong>lauretum,</strong></span> <span class='ocrx_word' id='word_1_77' title='bbox 2059 578 2159 626; x_wconf 93' lang='lat' dir='ltr'><strong>quod</strong></span> 
     </span>
     <span class='ocr_line' id='line_1_9' title="bbox 196 635 2157 687; baseline -0.001 -11"><span class='ocrx_word' id='word_1_78' title='bbox 196 650 238 677; x_wconf 92' lang='lat' dir='ltr'><strong>re</strong></span> <span class='ocrx_word' id='word_1_79' title='bbox 254 648 343 675; x_wconf 78' lang='lat' dir='ltr'><strong>vera</strong></span> <span class='ocrx_word' id='word_1_80' title='bbox 360 638 524 684; x_wconf 80' lang='lat' dir='ltr'><strong>dextero,</strong></span> <span class='ocrx_word' id='word_1_81' title='bbox 549 637 573 673; x_wconf 74' lang='lat' dir='ltr'><strong>i.</strong></span> <span class='ocrx_word' id='word_1_82' title='bbox 592 646 621 673; x_wconf 91' lang='grc'><strong>0.</strong></span> <span class='ocrx_word' id='word_1_83' title='bbox 640 635 920 685; x_wconf 63' lang='lat' dir='ltr'><strong>septentrionali</strong></span> <span class='ocrx_word' id='word_1_84' title='bbox 945 636 1075 684; x_wconf 88' lang='lat' dir='ltr'><strong>templi</strong></span> <span class='ocrx_word' id='word_1_85' title='bbox 1100 636 1208 673; x_wconf 78' lang='lat' dir='ltr'><strong>lateri</strong></span> <span class='ocrx_word' id='word_1_86' title='bbox 1234 636 1436 673; x_wconf 77' lang='lat' dir='ltr'><strong>adiacuisse</strong></span> <span class='ocrx_word' id='word_1_87' title='bbox 1462 638 1554 674; x_wconf 88' lang='lat' dir='ltr'><strong>mihi</strong></span> <span class='ocrx_word' id='word_1_88' title='bbox 1578 648 1799 686; x_wconf 84' lang='lat' dir='ltr'><strong>persuasum</strong></span> <span class='ocrx_word' id='word_1_89' title='bbox 1827 642 1891 676; x_wconf 87' lang='lat' dir='ltr'><strong>est.</strong></span> <span class='ocrx_word' id='word_1_90' title='bbox 1918 649 2043 687; x_wconf 89' lang='lat' dir='ltr'><strong>neque</strong></span> <span class='ocrx_word' id='word_1_91' title='bbox 2069 649 2157 676; x_wconf 80' lang='lat' dir='ltr'><strong>vero</strong></span> 
     </span>
     <span class='ocr_line' id='line_1_10' title="bbox 197 699 2159 749; baseline 0.001 -13"><span class='ocrx_word' id='word_1_92' title='bbox 197 701 269 736; x_wconf 80' lang='lat' dir='ltr'><strong>viae</strong></span> <span class='ocrx_word' id='word_1_93' title='bbox 294 710 361 748; x_wconf 91' lang='lat' dir='ltr'><strong>per</strong></span> <span class='ocrx_word' id='word_1_94' title='bbox 378 699 500 736; x_wconf 89' lang='lat' dir='ltr'><strong>aditus</strong></span> <span class='ocrx_word' id='word_1_95' title='bbox 526 701 694 746; x_wconf 86' lang='lat' dir='ltr'><strong>patentes</strong></span> <span class='ocrx_word' id='word_1_96' title='bbox 721 702 849 735; x_wconf 83' lang='lat' dir='ltr'><strong>contra</strong></span> <span class='ocrx_word' id='word_1_97' title='bbox 874 708 1001 735; x_wconf 87' lang='lat' dir='ltr'><strong>rerum</strong></span> <span class='ocrx_word' id='word_1_98' title='bbox 1017 699 1192 734; x_wconf 79' lang='lat' dir='ltr'><strong>naturam</strong></span> <span class='ocrx_word' id='word_1_99' title='bbox 1217 701 1393 745; x_wconf 82' lang='lat' dir='ltr'><strong>pugnant.</strong></span> <span class='ocrx_word' id='word_1_100' title='bbox 1420 710 1506 735; x_wconf 86' lang='lat' dir='ltr'><strong>nam</strong></span> <span class='ocrx_word' id='word_1_101' title='bbox 1525 710 1610 736; x_wconf 89' lang='lat' dir='ltr'><strong>cum</strong></span> <span class='ocrx_word' id='word_1_102' title='bbox 1633 703 1741 748; x_wconf 88' lang='lat' dir='ltr'><strong>porta</strong></span> <span class='ocrx_word' id='word_1_103' title='bbox 1758 700 1974 749; x_wconf 81' lang='lat' dir='ltr'><strong>principalis</strong></span> <span class='ocrx_word' id='word_1_104' title='bbox 2000 700 2159 749; x_wconf 84' lang='lat' dir='ltr'><strong>periboli</strong></span> 
     </span>
     <span class='ocr_line' id='line_1_11' title="bbox 195 758 2158 811; baseline 0.001 -13"><span class='ocrx_word' id='word_1_105' title='bbox 195 758 335 810; x_wconf 84' lang='lat' dir='ltr'><strong>templo</strong></span> <span class='ocrx_word' id='word_1_106' title='bbox 353 760 510 797; x_wconf 80' lang='lat' dir='ltr'><strong>adversa</strong></span> <span class='ocrx_word' id='word_1_107' title='bbox 535 762 633 797; x_wconf 85' lang='lat' dir='ltr'><strong>esset</strong></span> <span class='ocrx_word' id='word_1_108' title='bbox 648 760 903 808; x_wconf 87' lang='lat' dir='ltr'><strong>orientemque</strong></span> <span class='ocrx_word' id='word_1_109' title='bbox 921 761 1113 808; x_wconf 80' lang='lat' dir='ltr'><strong>spectaret,</strong></span> <span class='ocrx_word' id='word_1_110' title='bbox 1139 769 1193 796; x_wconf 84' lang='lat' dir='ltr'><strong>eae</strong></span> <span class='ocrx_word' id='word_1_111' title='bbox 1219 769 1386 807; x_wconf 88' lang='lat' dir='ltr'><strong>personae</strong></span> <span class='ocrx_word' id='word_1_112' title='bbox 1410 771 1492 807; x_wconf 88' lang='lat' dir='ltr'><strong>quae</strong></span> <span class='ocrx_word' id='word_1_113' title='bbox 1518 761 1652 810; x_wconf 82' lang='lat' dir='ltr'><strong>templo</strong></span> <span class='ocrx_word' id='word_1_114' title='bbox 1680 762 1808 799; x_wconf 85' lang='lat' dir='ltr'><strong>relicto</strong></span> <span class='ocrx_word' id='word_1_115' title='bbox 1828 762 1973 799; x_wconf 80' lang='lat' dir='ltr'><strong>exitum</strong></span> <span class='ocrx_word' id='word_1_116' title='bbox 1999 760 2158 811; x_wconf 83' lang='lat' dir='ltr'><strong>periboli</strong></span> 
     </span>
     <span class='ocr_line' id='line_1_12' title="bbox 197 819 2159 871; baseline 0.001 -12"><span class='ocrx_word' id='word_1_117' title='bbox 197 821 380 871; x_wconf 85' lang='lat' dir='ltr'><strong>petebant,</strong></span> <span class='ocrx_word' id='word_1_118' title='bbox 406 823 519 871; x_wconf 90' lang='lat' dir='ltr'><strong>prout</strong></span> <span class='ocrx_word' id='word_1_119' title='bbox 542 821 644 870; x_wconf 83' lang='lat' dir='ltr'><strong>leges</strong></span> <span class='ocrx_word' id='word_1_120' title='bbox 670 822 839 859; x_wconf 71' lang='lat' dir='ltr'><strong>scaenicae</strong></span> <span class='ocrx_word' id='word_1_121' title='bbox 865 820 1075 870; x_wconf 87' lang='lat' dir='ltr'><strong>poscebant,</strong></span> <span class='ocrx_word' id='word_1_122' title='bbox 1102 822 1165 857; x_wconf 89' lang='lat' dir='ltr'><strong>aut</strong></span> <span class='ocrx_word' id='word_1_123' title='bbox 1190 830 1257 869; x_wconf 91' lang='lat' dir='ltr'><strong>per</strong></span> <span class='ocrx_word' id='word_1_124' title='bbox 1275 819 1469 857; x_wconf 83' lang='lat' dir='ltr'><strong>dexterum</strong></span> <span class='ocrx_word' id='word_1_125' title='bbox 1496 825 1559 858; x_wconf 87' lang='lat' dir='ltr'><strong>aut</strong></span> <span class='ocrx_word' id='word_1_126' title='bbox 1584 834 1651 871; x_wconf 89' lang='lat' dir='ltr'><strong>per</strong></span> <span class='ocrx_word' id='word_1_127' title='bbox 1672 823 1865 860; x_wconf 90' lang='lat' dir='ltr'><strong>sinistrum</strong></span> <span class='ocrx_word' id='word_1_128' title='bbox 1892 824 2037 861; x_wconf 84' lang='lat' dir='ltr'><strong>aditum</strong></span> <span class='ocrx_word' id='word_1_129' title='bbox 2056 823 2159 861; x_wconf 80' lang='lat' dir='ltr'><strong>abire</strong></span> 
     </span>
     <span class='ocr_line' id='line_1_13' title="bbox 197 882 2160 934; baseline 0.001 -13"><span class='ocrx_word' id='word_1_130' title='bbox 197 885 379 933; x_wconf 83' lang='lat' dir='ltr'><strong>poterant.</strong></span> <span class='ocrx_word' id='word_1_131' title='bbox 406 883 549 932; x_wconf 81' lang='lat' dir='ltr'><strong>aliquot</strong></span> <span class='ocrx_word' id='word_1_132' title='bbox 572 894 659 921; x_wconf 83' lang='lat' dir='ltr'><strong>vero</strong></span> <span class='ocrx_word' id='word_1_133' title='bbox 688 894 859 921; x_wconf 82' lang='lat' dir='ltr'><strong>accessus</strong></span> <span class='ocrx_word' id='word_1_134' title='bbox 886 886 923 921; x_wconf 93' lang='lat' dir='ltr'><strong>et</strong></span> <span class='ocrx_word' id='word_1_135' title='bbox 948 893 1117 921; x_wconf 82' lang='lat' dir='ltr'><strong>recessus</strong></span> <span class='ocrx_word' id='word_1_136' title='bbox 1144 882 1254 919; x_wconf 87' lang='lat' dir='ltr'><strong>etiam</strong></span> <span class='ocrx_word' id='word_1_137' title='bbox 1279 882 1397 930; x_wconf 85' lang='lat' dir='ltr'><strong>magis</strong></span> <span class='ocrx_word' id='word_1_138' title='bbox 1422 893 1507 919; x_wconf 88' lang='lat' dir='ltr'><strong>cum</strong></span> <span class='ocrx_word' id='word_1_139' title='bbox 1533 883 1698 921; x_wconf 88' lang='lat' dir='ltr'><strong>locorum</strong></span> <span class='ocrx_word' id='word_1_140' title='bbox 1715 885 1920 922; x_wconf 86' lang='lat' dir='ltr'><strong>rationibus</strong></span> <span class='ocrx_word' id='word_1_141' title='bbox 1939 895 2025 934; x_wconf 83' lang='lat' dir='ltr'><strong>quae</strong></span> <span class='ocrx_word' id='word_1_142' title='bbox 2052 888 2160 922; x_wconf 87' lang='lat' dir='ltr'><strong>erant</strong></span> 
     </span>
     <span class='ocr_line' id='line_1_14' title="bbox 199 943 2159 999; baseline 0.002 -16"><span class='ocrx_word' id='word_1_143' title='bbox 199 944 355 999; x_wconf 88' lang='lat' dir='ltr'><strong>Delphis</strong></span> <span class='ocrx_word' id='word_1_144' title='bbox 381 946 615 994; x_wconf 80' lang='lat' dir='ltr'><strong>conspirant3</strong></span> <span class='ocrx_word' id='word_1_145' title='bbox 655 957 744 983; x_wconf 80' lang='lat' dir='ltr'><strong>nam</strong></span> <span class='ocrx_word' id='word_1_146' title='bbox 782 945 964 994; x_wconf 85' lang='lat' dir='ltr'><strong>templum</strong></span> <span class='ocrx_word' id='word_1_147' title='bbox 988 943 1214 994; x_wconf 88' lang='lat' dir='ltr'><strong>Delphicum</strong></span> <span class='ocrx_word' id='word_1_148' title='bbox 1254 944 1515 992; x_wconf 83' lang='lat' dir='ltr'><strong>contemplanti</strong></span> <span class='ocrx_word' id='word_1_149' title='bbox 1541 944 1728 984; x_wconf 81' lang='lat' dir='ltr'><strong>Parnasus</strong></span> <span class='ocrx_word' id='word_1_150' title='bbox 1764 947 1916 985; x_wconf 84' lang='lat' dir='ltr'><strong>dextera</strong></span> <span class='ocrx_word' id='word_1_151' title='bbox 1955 948 2051 986; x_wconf 88' lang='lat' dir='ltr'><strong>situs</strong></span> <span class='ocrx_word' id='word_1_152' title='bbox 2091 950 2159 995; x_wconf 87' lang='lat' dir='ltr'><strong>est,</strong></span> 
     </span>
     <span class='ocr_line' id='line_1_15' title="bbox 200 1006 2158 1055; baseline 0.002 -12"><span class='ocrx_word' id='word_1_153' title='bbox 200 1006 359 1043; x_wconf 81' lang='lat' dir='ltr'><strong>Athenae</strong></span> <span class='ocrx_word' id='word_1_154' title='bbox 386 1009 423 1043; x_wconf 91' lang='lat' dir='ltr'><strong>et</strong></span> <span class='ocrx_word' id='word_1_155' title='bbox 448 1006 619 1044; x_wconf 78' lang='lat' dir='ltr'><strong>Lebadea</strong></span> <span class='ocrx_word' id='word_1_156' title='bbox 644 1007 811 1043; x_wconf 84' lang='lat' dir='ltr'><strong>sinistra:</strong></span> <span class='ocrx_word' id='word_1_157' title='bbox 840 1007 1044 1044; x_wconf 81' lang='lat' dir='ltr'><strong>ex&#39;eadem</strong></span> <span class='ocrx_word' id='word_1_158' title='bbox 1069 1007 1221 1055; x_wconf 54' lang='lat' dir='ltr'><strong>refflone</strong></span> <span class='ocrx_word' id='word_1_159' title='bbox 1246 1006 1413 1053; x_wconf 81' lang='lat' dir='ltr'><strong>veniunt,</strong></span> <span class='ocrx_word' id='word_1_160' title='bbox 1438 1006 1476 1041; x_wconf 91' lang='lat' dir='ltr'><strong>in</strong></span> <span class='ocrx_word' id='word_1_161' title='bbox 1504 1007 1656 1044; x_wconf 82' lang='lat' dir='ltr'><strong>eandem</strong></span> <span class='ocrx_word' id='word_1_162' title='bbox 1682 1008 1818 1046; x_wconf 82' lang='lat' dir='ltr'><strong>abeunt</strong></span> <span class='ocrx_word' id='word_1_163' title='bbox 1844 1009 1984 1046; x_wconf 78' lang='lat' dir='ltr'><strong>Creusa</strong></span> <span class='ocrx_word' id='word_1_164' title='bbox 2001 1009 2158 1046; x_wconf 88' lang='lat' dir='ltr'><strong>Xuthus</strong></span> 
     </span>
     <span class='ocr_line' id='line_1_16' title="bbox 200 1064 2159 1120; baseline 0.002 -14"><span class='ocrx_word' id='word_1_165' title='bbox 200 1068 346 1106; x_wconf 87' lang='lat' dir='ltr'><strong>chorus.</strong></span> <span class='ocrx_word' id='word_1_166' title='bbox 379 1068 484 1106; x_wconf 83' lang='lat' dir='ltr'><strong>vides</strong></span> <span class='ocrx_word' id='word_1_167' title='bbox 508 1069 608 1118; x_wconf 86' lang='lat' dir='ltr'><strong>leges</strong></span> <span class='ocrx_word' id='word_1_168' title='bbox 635 1064 813 1106; x_wconf 82' lang='lat' dir='ltr'><strong>scaenicas</strong></span> <span class='ocrx_word' id='word_1_169' title='bbox 838 1080 915 1106; x_wconf 91' lang='lat' dir='ltr'><strong>non</strong></span> <span class='ocrx_word' id='word_1_170' title='bbox 939 1068 1051 1106; x_wconf 89' lang='lat' dir='ltr'><strong>modo</strong></span> <span class='ocrx_word' id='word_1_171' title='bbox 1077 1079 1154 1106; x_wconf 90' lang='lat' dir='ltr'><strong>non</strong></span> <span class='ocrx_word' id='word_1_172' title='bbox 1186 1078 1353 1117; x_wconf 83' lang='lat' dir='ltr'><strong>pugnare</strong></span> <span class='ocrx_word' id='word_1_173' title='bbox 1387 1078 1475 1105; x_wconf 89' lang='lat' dir='ltr'><strong>cum</strong></span> <span class='ocrx_word' id='word_1_174' title='bbox 1510 1069 1583 1106; x_wconf 91' lang='lat' dir='ltr'><strong>situ</strong></span> <span class='ocrx_word' id='word_1_175' title='bbox 1608 1069 1680 1107; x_wconf 90' lang='lat' dir='ltr'><strong>loci</strong></span> <span class='ocrx_word' id='word_1_176' title='bbox 1705 1071 1745 1107; x_wconf 88' lang='lat' dir='ltr'><strong>in</strong></span> <span class='ocrx_word' id='word_1_177' title='bbox 1771 1070 1841 1108; x_wconf 86' lang='lat' dir='ltr'><strong>hac</strong></span> <span class='ocrx_word' id='word_1_178' title='bbox 1866 1070 1995 1109; x_wconf 82' lang='lat' dir='ltr'><strong>fabula</strong></span> <span class='ocrx_word' id='word_1_179' title='bbox 2020 1080 2159 1120; x_wconf 76' lang='lat' dir='ltr'><strong>reprae-</strong></span> 
     </span>
     <span class='ocr_line' id='line_1_17' title="bbox 201 1129 2159 1181; baseline 0.001 -14"><span class='ocrx_word' id='word_1_180' title='bbox 201 1131 334 1168; x_wconf 89' lang='lat' dir='ltr'><strong>sentati</strong></span> <span class='ocrx_word' id='word_1_181' title='bbox 361 1151 410 1157; x_wconf 94' lang='lat'>—</span> <span class='ocrx_word' id='word_1_182' title='bbox 438 1131 538 1179; x_wconf 90' lang='lat' dir='ltr'><strong>quod</strong></span> <span class='ocrx_word' id='word_1_183' title='bbox 565 1130 662 1167; x_wconf 83' lang='lat' dir='ltr'><strong>dixit</strong></span> <span class='ocrx_word' id='word_1_184' title='bbox 687 1130 977 1168; x_wconf 87' lang='lat' dir='ltr'><strong>Schoenbornius</strong></span> <span class='ocrx_word' id='word_1_185' title='bbox 1002 1130 1027 1167; x_wconf 89' lang='lat'><strong>1.</strong></span> <span class='ocrx_word' id='word_1_186' title='bbox 1054 1130 1078 1167; x_wconf 92' lang='lat'><strong>1.</strong></span> <span class='ocrx_word' id='word_1_187' title='bbox 1104 1142 1138 1179; x_wconf 90' lang='lat' dir='ltr'><strong>p.</strong></span> <span class='ocrx_word' id='word_1_188' title='bbox 1168 1129 1241 1166; x_wconf 78' lang='lat'><strong>179</strong></span> <span class='ocrx_word' id='word_1_189' title='bbox 1269 1150 1319 1156; x_wconf 91' lang='lat'><strong>-—</strong></span> <span class='ocrx_word' id='word_1_190' title='bbox 1354 1129 1419 1166; x_wconf 87' lang='lat' dir='ltr'><strong>sed</strong></span> <span class='ocrx_word' id='word_1_191' title='bbox 1447 1129 1537 1166; x_wconf 87' lang='lat' dir='ltr'><strong>adeo</strong></span> <span class='ocrx_word' id='word_1_192' title='bbox 1564 1141 1775 1179; x_wconf 85' lang='lat' dir='ltr'><strong>congruere,</strong></span> <span class='ocrx_word' id='word_1_193' title='bbox 1814 1135 1856 1169; x_wconf 84' lang='lat' dir='ltr'><strong>ut</strong></span> <span class='ocrx_word' id='word_1_194' title='bbox 1882 1142 2015 1181; x_wconf 84' lang='lat' dir='ltr'><strong>aequus</strong></span> <span class='ocrx_word' id='word_1_195' title='bbox 2041 1132 2159 1170; x_wconf 83' lang='lat' dir='ltr'><strong>iudex</strong></span> 
     </span>
     <span class='ocr_line' id='line_1_18' title="bbox 201 1191 2156 1241; baseline 0.001 -11"><span class='ocrx_word' id='word_1_196' title='bbox 201 1193 385 1230; x_wconf 83' lang='lat' dir='ltr'><strong>&#39;eiusmodi</strong></span> <span class='ocrx_word' id='word_1_197' title='bbox 412 1193 694 1241; x_wconf 84' lang='lat' dir='ltr'><strong>congruentiam</strong></span> <span class='ocrx_word' id='word_1_198' title='bbox 720 1204 743 1229; x_wconf 89' lang='lat' dir='ltr'><strong>a</strong></span> <span class='ocrx_word' id='word_1_199' title='bbox 768 1195 877 1241; x_wconf 87' lang='lat' dir='ltr'><strong>poeta</strong></span> <span class='ocrx_word' id='word_1_200' title='bbox 901 1203 949 1229; x_wconf 92' lang='lat' dir='ltr'><strong>ne</strong></span> <span class='ocrx_word' id='word_1_201' title='bbox 974 1191 1163 1240; x_wconf 88' lang='lat' dir='ltr'><strong>postulare</strong></span> <span class='ocrx_word' id='word_1_202' title='bbox 1191 1191 1342 1239; x_wconf 88' lang='lat' dir='ltr'><strong>quidem</strong></span> <span class='ocrx_word' id='word_1_203' title='bbox 1370 1191 1513 1229; x_wconf 84' lang='lat' dir='ltr'><strong>audeat.</strong></span> <span class='ocrx_word' id='word_1_204' title='bbox 1549 1192 1613 1229; x_wconf 88' lang='lat' dir='ltr'><strong>sed</strong></span> <span class='ocrx_word' id='word_1_205' title='bbox 1640 1192 1762 1230; x_wconf 86' lang='lat' dir='ltr'><strong>om&#39;nia</strong></span> <span class='ocrx_word' id='word_1_206' title='bbox 1786 1197 2046 1241; x_wconf 77' lang='lat' dir='ltr'><strong>perverterunt</strong></span> <span class='ocrx_word' id='word_1_207' title='bbox 2072 1205 2156 1231; x_wconf 87' lang='lat' dir='ltr'><strong>cum</strong></span> 
     </span>
     <span class='ocr_line' id='line_1_19' title="bbox 202 1252 2155 1303; baseline 0.001 -13"><span class='ocrx_word' id='word_1_208' title='bbox 202 1254 268 1290; x_wconf 85' lang='lat' dir='ltr'><strong>alii</strong></span> <span class='ocrx_word' id='word_1_209' title='bbox 292 1254 460 1290; x_wconf 84' lang='lat' dir='ltr'><strong>virorum</strong></span> <span class='ocrx_word' id='word_1_210' title='bbox 487 1254 678 1290; x_wconf 74' lang='lat' dir='ltr'><strong>doctorum</strong></span> <span class='ocrx_word' id='word_1_211' title='bbox 705 1263 847 1290; x_wconf 90' lang='lat' dir='ltr'><strong>errores</strong></span> <span class='ocrx_word' id='word_1_212' title='bbox 872 1255 955 1290; x_wconf 89' lang='lat' dir='ltr'><strong>tum</strong></span> <span class='ocrx_word' id='word_1_213' title='bbox 980 1254 1024 1300; x_wconf 93' lang='lat' dir='ltr'><strong>is,</strong></span> <span class='ocrx_word' id='word_1_214' title='bbox 1059 1263 1171 1301; x_wconf 91' lang='lat' dir='ltr'><strong>quem</strong></span> <span class='ocrx_word' id='word_1_215' title='bbox 1195 1253 1237 1288; x_wconf 89' lang='lat' dir='ltr'><strong>in</strong></span> <span class='ocrx_word' id='word_1_216' title='bbox 1263 1252 1416 1289; x_wconf 83' lang='lat' dir='ltr'><strong>exordio</strong></span> <span class='ocrx_word' id='word_1_217' title='bbox 1453 1252 1564 1289; x_wconf 91' lang='lat' dir='ltr'><strong>huius</strong></span> <span class='ocrx_word' id='word_1_218' title='bbox 1603 1256 1920 1291; x_wconf 80' lang='lat' dir='ltr'><strong>commentationis</strong></span> <span class='ocrx_word' id='word_1_219' title='bbox 1956 1255 2155 1303; x_wconf 79' lang='lat' dir='ltr'><strong>castigavi:</strong></span> 
     </span>
     <span class='ocr_line' id='line_1_20' title="bbox 201 1314 1178 1365; baseline -0.002 -12"><span class='ocrx_word' id='word_1_220' title='bbox 201 1315 382 1365; x_wconf 90' lang='lat' dir='ltr'><strong>templum</strong></span> <span class='ocrx_word' id='word_1_221' title='bbox 409 1325 457 1353; x_wconf 83' lang='lat' dir='ltr'><strong>ex</strong></span> <span class='ocrx_word' id='word_1_222' title='bbox 483 1314 635 1364; x_wconf 89' lang='lat' dir='ltr'><strong>obliquo</strong></span> <span class='ocrx_word' id='word_1_223' title='bbox 663 1314 931 1364; x_wconf 86' lang='lat' dir='ltr'><strong>spectatoribus</strong></span> <span class='ocrx_word' id='word_1_224' title='bbox 957 1315 1178 1365; x_wconf 91' lang='lat' dir='ltr'><strong>oppositum.</strong></span> 
     </span>
    </p>
   </div>
   <div class='ocr_carea' id='block_1_4' title="bbox 202 1383 2159 1683">
    <p class='ocr_par' dir='ltr' id='par_1_4' title="bbox 202 1383 2159 1683">
     <span class='ocr_line' id='line_1_21' title="bbox 323 1383 2157 1435; baseline 0.001 -12"><span class='ocrx_word' id='word_1_225' title='bbox 323 1386 364 1423; x_wconf 93' lang='lat' dir='ltr'><strong>II</strong></span> <span class='ocrx_word' id='word_1_226' title='bbox 390 1385 544 1435; x_wconf 90' lang='lat' dir='ltr'><strong>Delphis</strong></span> <span class='ocrx_word' id='word_1_227' title='bbox 582 1397 781 1435; x_wconf 83' lang='lat' dir='ltr'><strong>pergamus</strong></span> <span class='ocrx_word' id='word_1_228' title='bbox 815 1387 992 1434; x_wconf 86' lang='lat' dir='ltr'><strong>Athenas,</strong></span> <span class='ocrx_word' id='word_1_229' title='bbox 1033 1398 1108 1434; x_wconf 87' lang='lat' dir='ltr'><strong>qua</strong></span> <span class='ocrx_word' id='word_1_230' title='bbox 1140 1387 1182 1422; x_wconf 91' lang='lat' dir='ltr'><strong>in</strong></span> <span class='ocrx_word' id='word_1_231' title='bbox 1215 1383 1310 1422; x_wconf 88' lang='lat' dir='ltr'><strong>urbe</strong></span> <span class='ocrx_word' id='word_1_232' title='bbox 1335 1384 1404 1421; x_wconf 92' lang='lat' dir='ltr'><strong>Ion</strong></span> <span class='ocrx_word' id='word_1_233' title='bbox 1435 1388 1544 1422; x_wconf 86' lang='lat' dir='ltr'><strong>natus</strong></span> <span class='ocrx_word' id='word_1_234' title='bbox 1581 1390 1617 1422; x_wconf 90' lang='lat' dir='ltr'><strong>et</strong></span> <span class='ocrx_word' id='word_1_235' title='bbox 1651 1388 1839 1435; x_wconf 83' lang='lat' dir='ltr'><strong>expositus</strong></span> <span class='ocrx_word' id='word_1_236' title='bbox 1874 1398 1954 1424; x_wconf 87' lang='grc'>0000</span> <span class='ocrx_word' id='word_1_237' title='bbox 1989 1387 2157 1424; x_wconf 83' lang='lat' dir='ltr'><strong>traditur.</strong></span> 
     </span>
     <span class='ocr_line' id='line_1_22' title="bbox 202 1446 2157 1499; baseline 0 -12"><span class='ocrx_word' id='word_1_238' title='bbox 202 1447 328 1488; x_wconf 86' lang='lat' dir='ltr'><strong>locum</strong></span> <span class='ocrx_word' id='word_1_239' title='bbox 355 1450 490 1497; x_wconf 87' lang='lat' dir='ltr'><strong>autem,</strong></span> <span class='ocrx_word' id='word_1_240' title='bbox 518 1457 592 1498; x_wconf 89' lang='lat' dir='ltr'><strong>quo</strong></span> <span class='ocrx_word' id='word_1_241' title='bbox 609 1447 746 1499; x_wconf 86' lang='lat' dir='ltr'><strong>Apollo</strong></span> <span class='ocrx_word' id='word_1_242' title='bbox 766 1447 942 1487; x_wconf 84' lang='lat' dir='ltr'><strong>Creusam</strong></span> <span class='ocrx_word' id='word_1_243' title='bbox 969 1448 1202 1499; x_wconf 81' lang='lat' dir='ltr'><strong>stupraverit,</strong></span> <span class='ocrx_word' id='word_1_244' title='bbox 1229 1446 1367 1485; x_wconf 82' lang='lat' dir='ltr'><strong>Creusa</strong></span> <span class='ocrx_word' id='word_1_245' title='bbox 1390 1446 1511 1485; x_wconf 78' lang='lat' dir='ltr'><strong>filium</strong></span> <span class='ocrx_word' id='word_1_246' title='bbox 1530 1448 1629 1486; x_wconf 88' lang='lat' dir='ltr'><strong>domi</strong></span> <span class='ocrx_word' id='word_1_247' title='bbox 1656 1451 1782 1486; x_wconf 88' lang='lat' dir='ltr'><strong>natum</strong></span> <span class='ocrx_word' id='word_1_248' title='bbox 1800 1449 2022 1499; x_wconf 85' lang='lat' dir='ltr'><strong>exposuerit,</strong></span> <span class='ocrx_word' id='word_1_249' title='bbox 2047 1452 2157 1499; x_wconf 87' lang='lat' dir='ltr'><strong>poeta</strong></span> 
     </span>
     <span class='ocr_line' id='line_1_23' title="bbox 203 1509 2158 1561; baseline 0 -13"><span class='ocrx_word' id='word_1_250' title='bbox 203 1511 313 1548; x_wconf 89' lang='lat' dir='ltr'><strong>modo</strong></span> <span class='ocrx_word' id='word_1_251' title='bbox 339 1511 463 1558; x_wconf 86' lang='lat' dir='ltr'><strong>ipsum</strong></span> <span class='ocrx_word' id='word_1_252' title='bbox 489 1515 570 1549; x_wconf 82' lang='lat' dir='ltr'><strong>Ma</strong></span> <span class='ocrx_word' id='word_1_253' title='bbox 584 1527 605 1548; x_wconf 80' lang='grc' dir='ltr'><strong><em>κ</em></strong></span> <span class='ocrx_word' id='word_1_254' title='bbox 618 1527 639 1561; x_wconf 81' lang='grc' dir='ltr'><em>ρ</em></span> <span class='ocrx_word' id='word_1_255' title='bbox 653 1513 675 1548; x_wconf 83' lang='grc' dir='ltr'><em>ἀ</em></span> <span class='ocrx_word' id='word_1_256' title='bbox 689 1527 707 1557; x_wconf 88' lang='grc' dir='ltr'><strong><em>ς</em></strong></span> <span class='ocrx_word' id='word_1_257' title='bbox 733 1511 893 1558; x_wconf 88' lang='lat' dir='ltr'><strong>appellat</strong></span> <span class='ocrx_word' id='word_1_258' title='bbox 918 1511 1029 1547; x_wconf 92' lang='lat' dir='ltr'><strong>modo</strong></span> <span class='ocrx_word' id='word_1_259' title='bbox 1055 1521 1169 1558; x_wconf 91' lang='lat' dir='ltr'><strong>prope</strong></span> <span class='ocrx_word' id='word_1_260' title='bbox 1194 1509 1339 1546; x_wconf 85' lang='lat' dir='ltr'><strong>Macras</strong></span> <span class='ocrx_word' id='word_1_261' title='bbox 1375 1511 1487 1546; x_wconf 84' lang='lat' dir='ltr'><strong>situm</strong></span> <span class='ocrx_word' id='word_1_262' title='bbox 1523 1521 1602 1547; x_wconf 88' lang='lat' dir='ltr'><strong>esse</strong></span> <span class='ocrx_word' id='word_1_263' title='bbox 1637 1511 1733 1547; x_wconf 82' lang='lat' dir='ltr'><strong>dicit</strong></span> <span class='ocrx_word' id='word_1_264' title='bbox 1770 1513 1830 1547; x_wconf 89' lang='grc'>0111</span> <span class='ocrx_word' id='word_1_265' title='bbox 1865 1513 2016 1557; x_wconf 82' lang='grc'>1101111111,</span> <span class='ocrx_word' id='word_1_266' title='bbox 2058 1512 2158 1559; x_wconf 89' lang='lat' dir='ltr'><strong>quod</strong></span> 
     </span>
     <span class='ocr_line' id='line_1_24' title="bbox 202 1569 2159 1625; baseline -0.001 -13"><span class='ocrx_word' id='word_1_267' title='bbox 202 1575 336 1625; x_wconf 72' lang='grc'>111-111101·</span> <span class='ocrx_word' id='word_1_268' title='bbox 361 1571 578 1623; x_wconf 87' lang='lat' dir='ltr'><strong>Euripidem</strong></span> <span class='ocrx_word' id='word_1_269' title='bbox 614 1572 714 1625; x_wconf 89' lang='lat' dir='ltr'><strong>apud</strong></span> <span class='ocrx_word' id='word_1_270' title='bbox 748 1572 937 1612; x_wconf 89' lang='lat' dir='ltr'><strong>neminem</strong></span> <span class='ocrx_word' id='word_1_271' title='bbox 972 1572 1194 1622; x_wconf 86' lang='lat' dir='ltr'><strong>scriptorum</strong></span> <span class='ocrx_word' id='word_1_272' title='bbox 1224 1570 1371 1622; x_wconf 87' lang='lat' dir='ltr'><strong>legitur,</strong></span> <span class='ocrx_word' id='word_1_273' title='bbox 1414 1569 1651 1610; x_wconf 85' lang='lat' dir='ltr'><strong>Enthovenus</strong></span> <span class='ocrx_word' id='word_1_274' title='bbox 1687 1571 1710 1609; x_wconf 90' lang='lat' dir='ltr'><strong>l.</strong></span> <span class='ocrx_word' id='word_1_275' title='bbox 1736 1572 1758 1610; x_wconf 93' lang='lat' dir='ltr'><strong>l.</strong></span> <span class='ocrx_word' id='word_1_276' title='bbox 1786 1583 1819 1622; x_wconf 94' lang='lat' dir='ltr'><strong>p.</strong></span> <span class='ocrx_word' id='word_1_277' title='bbox 1848 1572 1896 1610; x_wconf 87' lang='lat'><strong>28</strong></span> <span class='ocrx_word' id='word_1_278' title='bbox 1933 1574 1998 1611; x_wconf 87' lang='lat' dir='ltr'><strong>aut</strong></span> <span class='ocrx_word' id='word_1_279' title='bbox 2034 1582 2159 1611; x_wconf 88' lang='lat' dir='ltr'><strong>emen-</strong></span> 
     </span>
     <span class='ocr_line' id='line_1_25' title="bbox 205 1636 2159 1683; baseline -0.001 -10"><span class='ocrx_word' id='word_1_280' title='bbox 205 1636 326 1674; x_wconf 85' lang='lat' dir='ltr'><strong>dando</strong></span> <span class='ocrx_word' id='word_1_281' title='bbox 351 1646 483 1673; x_wconf 83' lang='lat' dir='ltr'><strong>versus</strong></span> <span class='ocrx_word' id='word_1_282' title='bbox 510 1640 575 1673; x_wconf 84' lang='lat' dir='ltr'><strong>aut</strong></span> <span class='ocrx_word' id='word_1_283' title='bbox 600 1637 792 1673; x_wconf 90' lang='lat' dir='ltr'><strong>abiciendo</strong></span> <span class='ocrx_word' id='word_1_284' title='bbox 811 1647 961 1673; x_wconf 91' lang='lat' dir='ltr'><strong>omnem</strong></span> <span class='ocrx_word' id='word_1_285' title='bbox 986 1637 1098 1673; x_wconf 89' lang='lat' dir='ltr'><strong>fidem</strong></span> <span class='ocrx_word' id='word_1_286' title='bbox 1126 1636 1303 1683; x_wconf 86' lang='lat' dir='ltr'><strong>derogare</strong></span> <span class='ocrx_word' id='word_1_287' title='bbox 1330 1636 1483 1671; x_wconf 88' lang='lat' dir='ltr'><strong>studuit.</strong></span> <span class='ocrx_word' id='word_1_288' title='bbox 1509 1636 1612 1681; x_wconf 88' lang='lat' dir='ltr'><strong>mihi,</strong></span> <span class='ocrx_word' id='word_1_289' title='bbox 1638 1646 1723 1671; x_wconf 91' lang='grc'>011111</span> <span class='ocrx_word' id='word_1_290' title='bbox 1740 1636 1846 1671; x_wconf 86' lang='lat' dir='ltr'><strong>aliter</strong></span> <span class='ocrx_word' id='word_1_291' title='bbox 1863 1637 2031 1682; x_wconf 80' lang='lat' dir='ltr'><strong>sentiam,</strong></span> <span class='ocrx_word' id='word_1_292' title='bbox 2057 1636 2159 1672; x_wconf 87' lang='lat' dir='ltr'><strong>locos</strong></span> 
     </span>
    </p>
   </div>
   <div class='ocr_carea' id='block_1_5' title="bbox 205 1694 2159 1811">
    <p class='ocr_par' dir='ltr' id='par_1_5' title="bbox 205 1694 2159 1811">
     <span class='ocr_line' id='line_1_26' title="bbox 205 1694 2159 1749; baseline -0.001 -12"><span class='ocrx_word' id='word_1_293' title='bbox 205 1700 271 1749; x_wconf 87' lang='lat' dir='ltr'><strong>qui</strong></span> <span class='ocrx_word' id='word_1_294' title='bbox 296 1699 370 1737; x_wconf 91' lang='lat' dir='ltr'><strong>huc</strong></span> <span class='ocrx_word' id='word_1_295' title='bbox 396 1698 581 1748; x_wconf 86' lang='lat' dir='ltr'><strong>pertinent</strong></span> <span class='ocrx_word' id='word_1_296' title='bbox 606 1710 735 1737; x_wconf 90' lang='lat' dir='ltr'><strong>omnes</strong></span> <span class='ocrx_word' id='word_1_297' title='bbox 774 1708 992 1748; x_wconf 88' lang='lat' dir='ltr'><strong>percensere</strong></span> <span class='ocrx_word' id='word_1_298' title='bbox 1024 1700 1061 1736; x_wconf 90' lang='lat' dir='ltr'><strong>et</strong></span> <span class='ocrx_word' id='word_1_299' title='bbox 1100 1697 1146 1736; x_wconf 91' lang='lat' dir='ltr'><strong>de</strong></span> <span class='ocrx_word' id='word_1_300' title='bbox 1172 1699 1306 1735; x_wconf 87' lang='lat' dir='ltr'><strong>natura</strong></span> <span class='ocrx_word' id='word_1_301' title='bbox 1342 1696 1418 1734; x_wconf 88' lang='lat' dir='ltr'><strong>situ</strong></span> <span class='ocrx_word' id='word_1_302' title='bbox 1456 1696 1605 1734; x_wconf 88' lang='lat' dir='ltr'><strong>nomine</strong></span> <span class='ocrx_word' id='word_1_303' title='bbox 1641 1694 1848 1734; x_wconf 86' lang='lat' dir='ltr'><strong>Macrarum</strong></span> <span class='ocrx_word' id='word_1_304' title='bbox 1872 1695 2159 1735; x_wconf 87' lang='lat' dir='ltr'><strong>Atheniensium</strong></span> 
     </span>
     <span class='ocr_line' id='line_1_27' title="bbox 205 1761 721 1811; baseline -0.002 -13"><span class='ocrx_word' id='word_1_305' title='bbox 205 1771 371 1810; x_wconf 76' lang='lat' dir='ltr'><strong>quaerere</strong></span> <span class='ocrx_word' id='word_1_306' title='bbox 396 1761 629 1811; x_wconf 89' lang='lat' dir='ltr'><strong>propositum</strong></span> <span class='ocrx_word' id='word_1_307' title='bbox 656 1763 721 1798; x_wconf 89' lang='grc'>001.</span> 
     </span>
    </p>
   </div>
   <div class='ocr_carea' id='block_1_6' title="bbox 319 1832 1172 1871">
    <p class='ocr_par' dir='ltr' id='par_1_6' title="bbox 319 1832 1172 1871">
     <span class='ocr_line' id='line_1_28' title="bbox 319 1832 1172 1871; baseline -0.001 -2"><span class='ocrx_word' id='word_1_308' title='bbox 319 1834 471 1870; x_wconf 88' lang='lat' dir='ltr'><strong>initium</strong></span> <span class='ocrx_word' id='word_1_309' title='bbox 496 1833 727 1871; x_wconf 58' lang='lat' dir='ltr'><strong>faciamusffa.</strong></span> <span class='ocrx_word' id='word_1_310' title='bbox 750 1832 923 1870; x_wconf 84' lang='lat' dir='ltr'><strong>versibus</strong></span> <span class='ocrx_word' id='word_1_311' title='bbox 950 1832 1172 1869; x_wconf 76' lang='lat'>283—288:</span> 
     </span>
    </p>
   </div>
   <div class='ocr_carea' id='block_1_7' title="bbox 205 1910 2167 2704">
    <p class='ocr_par' dir='ltr' id='par_1_7' title="bbox 664 1910 1643 1961">
     <span class='ocr_line' id='line_1_29' title="bbox 664 1910 1643 1961; baseline -0.004 -10"><span class='ocrx_word' id='word_1_312' title='bbox 664 1913 766 1951; x_wconf 84' lang='grc' dir='ltr'><strong><em>ΙΩΝ.</em></strong></span> <span class='ocrx_word' id='word_1_313' title='bbox 792 1913 957 1961; x_wconf 75' lang='grc' dir='ltr'><strong><em>Μακραὶ</em></strong></span> <span class='ocrx_word' id='word_1_314' title='bbox 983 1912 1027 1949; x_wconf 76' lang='grc' dir='ltr'><strong>δὲ</strong></span> <span class='ocrx_word' id='word_1_315' title='bbox 1047 1911 1172 1960; x_wconf 76' lang='grc' dir='ltr'><strong><em>χόρός</em></strong></span> <span class='ocrx_word' id='word_1_316' title='bbox 1197 1911 1272 1948; x_wconf 70' lang='grc' dir='ltr'><strong><em>ἐστ’</em></strong></span> <span class='ocrx_word' id='word_1_317' title='bbox 1299 1910 1381 1948; x_wconf 72' lang='grc' dir='ltr'><strong>ἐκεῖ</strong></span> <span class='ocrx_word' id='word_1_318' title='bbox 1400 1911 1643 1959; x_wconf 70' lang='grc' dir='ltr'><strong><em>κεκλημένοςς</em></strong></span> 
     </span>
    </p>

    <p class='ocr_par' dir='ltr' id='par_1_8' title="bbox 663 1966 1701 2018">
     <span class='ocr_line' id='line_1_30' title="bbox 663 1966 1701 2018; baseline -0.005 -9"><span class='ocrx_word' id='word_1_319' title='bbox 663 1971 744 2009; x_wconf 88' lang='grc' dir='ltr'><strong>ΚΡ.</strong></span> <span class='ocrx_word' id='word_1_320' title='bbox 792 1971 833 2008; x_wconf 75' lang='grc' dir='ltr'><strong>τί</strong></span> <span class='ocrx_word' id='word_1_321' title='bbox 856 1970 889 2007; x_wconf 81' lang='grc' dir='ltr'><strong>δ’</strong></span> <span class='ocrx_word' id='word_1_322' title='bbox 915 1969 1076 2017; x_wconf 73' lang='grc' dir='ltr'><strong>ἱστορεῖς</strong></span> <span class='ocrx_word' id='word_1_323' title='bbox 1101 1968 1196 2016; x_wconf 83' lang='grc' dir='ltr'>τόδ’,·</span> <span class='ocrx_word' id='word_1_324' title='bbox 1221 1966 1271 2014; x_wconf 72' lang='grc' dir='ltr'><strong>ὥς</strong></span> <span class='ocrx_word' id='word_1_325' title='bbox 1294 1968 1335 2016; x_wconf 80' lang='grc' dir='ltr'><strong>μ’</strong></span> <span class='ocrx_word' id='word_1_326' title='bbox 1359 1968 1570 2018; x_wconf 74' lang='grc' dir='ltr'><strong><em>ἀνέμνησάς</em></strong></span> <span class='ocrx_word' id='word_1_327' title='bbox 1593 1981 1701 2013; x_wconf 81' lang='grc' dir='ltr'><strong><em>τινος.</em></strong></span> 
     </span>
    </p>

    <p class='ocr_par' dir='ltr' id='par_1_9' title="bbox 665 2025 1622 2079">
     <span class='ocr_line' id='line_1_31' title="bbox 665 2025 1622 2079; baseline -0.003 -13"><span class='ocrx_word' id='word_1_328' title='bbox 665 2030 771 2067; x_wconf 83' lang='grc' dir='ltr'><em>ΙΩΝ.</em></span> <span class='ocrx_word' id='word_1_329' title='bbox 798 2031 891 2079; x_wconf 77' lang='grc' dir='ltr'><strong><em>τιμᾷ</em></strong></span> <span class='ocrx_word' id='word_1_330' title='bbox 915 2043 988 2077; x_wconf 77' lang='grc' dir='ltr'><strong>σφε</strong></span> <span class='ocrx_word' id='word_1_331' title='bbox 1014 2027 1165 2072; x_wconf 69' lang='grc' dir='ltr'><strong><em>Πύθιος</em></strong></span> <span class='ocrx_word' id='word_1_332' title='bbox 1189 2025 1382 2076; x_wconf 76' lang='grc' dir='ltr'><strong><em>ἀστραπαί</em></strong></span> <span class='ocrx_word' id='word_1_333' title='bbox 1400 2041 1439 2064; x_wconf 79' lang='grc' dir='ltr'><strong>τε</strong></span> <span class='ocrx_word' id='word_1_334' title='bbox 1464 2027 1622 2064; x_wconf 72' lang='grc' dir='ltr'><strong><em>Πύθιαι.</em></strong></span> 
     </span>
    </p>

    <p class='ocr_par' dir='ltr' id='par_1_10' title="bbox 661 2083 1722 2140">
     <span class='ocr_line' id='line_1_32' title="bbox 661 2083 1722 2140; baseline -0.005 -15"><span class='ocrx_word' id='word_1_335' title='bbox 661 2087 743 2124; x_wconf 81' lang='grc' dir='ltr'><strong>ΚΡ.</strong></span> <span class='ocrx_word' id='word_1_336' title='bbox 789 2088 901 2140; x_wconf 74' lang='grc' dir='ltr'><strong><em>τιμᾷς</em></strong></span> <span class='ocrx_word' id='word_1_337' title='bbox 927 2087 1035 2139; x_wconf 68' lang='grc' dir='ltr'><strong><em>τιμᾷς</em></strong></span> <span class='ocrx_word' id='word_1_338' title='bbox 1061 2104 1102 2111; x_wconf 94' lang='grc'><strong>-</strong></span> <span class='ocrx_word' id='word_1_339' title='bbox 1128 2084 1179 2130; x_wconf 77' lang='grc' dir='ltr'><strong>ὥς</strong></span> <span class='ocrx_word' id='word_1_340' title='bbox 1203 2084 1339 2135; x_wconf 81' lang='grc' dir='ltr'><em>μήποτ’</em></span> <span class='ocrx_word' id='word_1_341' title='bbox 1363 2083 1505 2134; x_wconf 80' lang='grc' dir='ltr'><strong><em>ὤφελόν</em></strong></span> <span class='ocrx_word' id='word_1_342' title='bbox 1529 2085 1592 2134; x_wconf 90' lang='grc' dir='ltr'><strong>σφ’</strong></span> <span class='ocrx_word' id='word_1_343' title='bbox 1618 2085 1722 2120; x_wconf 83' lang='grc' dir='ltr'><strong><em>ἰδεῖν.</em></strong></span> 
     </span>
    </p>

    <p class='ocr_par' dir='ltr' id='par_1_11' title="bbox 667 2142 1636 2193">
     <span class='ocr_line' id='line_1_33' title="bbox 667 2142 1636 2193; baseline -0.003 -11"><span class='ocrx_word' id='word_1_344' title='bbox 667 2144 773 2183; x_wconf 87' lang='grc' dir='ltr'><strong><em>ΙΩΝ.</em></strong></span> <span class='ocrx_word' id='word_1_345' title='bbox 797 2147 838 2182; x_wconf 76' lang='grc' dir='ltr'><strong>τί</strong></span> <span class='ocrx_word' id='word_1_346' title='bbox 860 2146 922 2191; x_wconf 61' lang='lat' dir='ltr'><strong>db,-</strong></span> <span class='ocrx_word' id='word_1_347' title='bbox 948 2151 1095 2193; x_wconf 76' lang='grc' dir='ltr'><strong><em>στυγεῖς</em></strong></span> <span class='ocrx_word' id='word_1_348' title='bbox 1120 2143 1166 2182; x_wconf 82' lang='grc' dir='ltr'><strong><em>σῦ</em></strong></span> <span class='ocrx_word' id='word_1_349' title='bbox 1191 2146 1259 2180; x_wconf 82' lang='grc' dir='ltr'><strong>τοῦ</strong></span> <span class='ocrx_word' id='word_1_350' title='bbox 1281 2145 1372 2180; x_wconf 72' lang='grc' dir='ltr'><strong>θεοῦ</strong></span> <span class='ocrx_word' id='word_1_351' title='bbox 1393 2142 1437 2180; x_wconf 79' lang='grc' dir='ltr'><strong>τὰ</strong></span> <span class='ocrx_word' id='word_1_352' title='bbox 1461 2143 1636 2191; x_wconf 68' lang='grc' dir='ltr'><strong><em>φίλιάτας</em></strong></span> 
     </span>
    </p>

    <p class='ocr_par' dir='ltr' id='par_1_12' title="bbox 205 2199 2167 2704">
     <span class='ocr_line' id='line_1_34' title="bbox 666 2199 1631 2255; baseline -0.004 -14"><span class='ocrx_word' id='word_1_353' title='bbox 666 2203 746 2241; x_wconf 85' lang='grc' dir='ltr'><strong>ΚΡ.</strong></span> <span class='ocrx_word' id='word_1_354' title='bbox 795 2201 904 2241; x_wconf 74' lang='grc' dir='ltr'><strong><em>οὐδέν</em></strong></span> <span class='ocrx_word' id='word_1_355' title='bbox 929 2214 938 2223; x_wconf 90' lang='grc'><em>·</em></span> <span class='ocrx_word' id='word_1_356' title='bbox 962 2202 1102 2255; x_wconf 65' lang='grc' dir='ltr'><strong><em>ξύνοιδ’</em></strong></span> <span class='ocrx_word' id='word_1_357' title='bbox 1126 2200 1314 2252; x_wconf 74' lang='grc' dir='ltr'><strong><em>ἄντροισιν</em></strong></span> <span class='ocrx_word' id='word_1_358' title='bbox 1338 2200 1514 2251; x_wconf 77' lang='grc' dir='ltr'><strong><em>αἰσχύνην</em></strong></span> <span class='ocrx_word' id='word_1_359' title='bbox 1538 2199 1631 2238; x_wconf 79' lang='grc' dir='ltr'><strong><em>τινά.</em></strong></span> 
     </span>
     <span class='ocr_line' id='line_1_35' title="bbox 207 2281 2160 2335; baseline -0.003 -12"><span class='ocrx_word' id='word_1_360' title='bbox 207 2297 300 2335; x_wconf 91' lang='lat' dir='ltr'><strong>quos</strong></span> <span class='ocrx_word' id='word_1_361' title='bbox 335 2296 466 2323; x_wconf 83' lang='lat' dir='ltr'><strong>versus</strong></span> <span class='ocrx_word' id='word_1_362' title='bbox 499 2296 577 2322; x_wconf 93' lang='lat' dir='ltr'><strong>non</strong></span> <span class='ocrx_word' id='word_1_363' title='bbox 612 2285 903 2334; x_wconf 75' lang='lat' dir='ltr'><strong>exscripsissem,</strong></span> <span class='ocrx_word' id='word_1_364' title='bbox 938 2285 1014 2322; x_wconf 84' lang='lat' dir='ltr'><strong>nisi</strong></span> <span class='ocrx_word' id='word_1_365' title='bbox 1046 2295 1174 2334; x_wconf 83' lang='lat' dir='ltr'><strong>veram</strong></span> <span class='ocrx_word' id='word_1_366' title='bbox 1209 2295 1338 2321; x_wconf 89' lang='lat' dir='ltr'><strong>eorum</strong></span> <span class='ocrx_word' id='word_1_367' title='bbox 1371 2284 1707 2332; x_wconf 87' lang='lat' dir='ltr'><strong>interpunctionem</strong></span> <span class='ocrx_word' id='word_1_368' title='bbox 1743 2282 1873 2318; x_wconf 88' lang='lat' dir='ltr'><strong>docere</strong></span> <span class='ocrx_word' id='word_1_369' title='bbox 1899 2281 2042 2318; x_wconf 85' lang='lat' dir='ltr'><strong>vellem.</strong></span> <span class='ocrx_word' id='word_1_370' title='bbox 2071 2281 2160 2329; x_wconf 87' lang='lat' dir='ltr'><strong>quid</strong></span> 
     </span>
     <span class='ocr_line' id='line_1_36' title="bbox 206 2342 2160 2394; baseline -0.004 -9"><span class='ocrx_word' id='word_1_371' title='bbox 206 2349 308 2386; x_wconf 90' lang='lat' dir='ltr'><strong>enim</strong></span> <span class='ocrx_word' id='word_1_372' title='bbox 332 2348 465 2385; x_wconf 90' lang='lat' dir='ltr'><strong>Ionem</strong></span> <span class='ocrx_word' id='word_1_373' title='bbox 490 2347 538 2384; x_wconf 88' lang='lat' dir='ltr'><strong>ad</strong></span> <span class='ocrx_word' id='word_1_374' title='bbox 564 2346 710 2384; x_wconf 85' lang='lat' dir='ltr'><strong>Macras</strong></span> <span class='ocrx_word' id='word_1_375' title='bbox 736 2346 1080 2384; x_wconf 85' lang='lat' dir='ltr'><strong>commemorandas</strong></span> <span class='ocrx_word' id='word_1_376' title='bbox 1105 2345 1322 2394; x_wconf 89' lang='lat' dir='ltr'><strong>impelleret,</strong></span> <span class='ocrx_word' id='word_1_377' title='bbox 1347 2345 1421 2381; x_wconf 90' lang='lat' dir='ltr'><strong>nisi</strong></span> <span class='ocrx_word' id='word_1_378' title='bbox 1445 2345 1536 2392; x_wconf 88' lang='lat' dir='ltr'><strong>ipse,</strong></span> <span class='ocrx_word' id='word_1_379' title='bbox 1572 2343 1702 2380; x_wconf 80' lang='lat' dir='ltr'><strong>Phoebi</strong></span> <span class='ocrx_word' id='word_1_380' title='bbox 1727 2344 1905 2389; x_wconf 86' lang='lat' dir='ltr'><strong>minister,</strong></span> <span class='ocrx_word' id='word_1_381' title='bbox 1938 2344 2064 2379; x_wconf 91' lang='lat' dir='ltr'><strong>locum</strong></span> <span class='ocrx_word' id='word_1_382' title='bbox 2092 2342 2160 2379; x_wconf 90' lang='lat' dir='ltr'><strong>deo</strong></span> 
     </span>
     <span class='ocr_line' id='line_1_37' title="bbox 206 2404 2167 2459; baseline -0.004 -11"><span class='ocrx_word' id='word_1_383' title='bbox 206 2421 274 2448; x_wconf 87' lang='lat' dir='ltr'><strong>suo</strong></span> <span class='ocrx_word' id='word_1_384' title='bbox 300 2410 342 2448; x_wconf 89' lang='lat' dir='ltr'><strong>in</strong></span> <span class='ocrx_word' id='word_1_385' title='bbox 365 2409 513 2448; x_wconf 80' lang='lat' dir='ltr'><strong>deliciis·</strong></span> <span class='ocrx_word' id='word_1_386' title='bbox 549 2420 629 2447; x_wconf 86' lang='lat' dir='ltr'><strong>esse</strong></span> <span class='ocrx_word' id='word_1_387' title='bbox 655 2409 792 2448; x_wconf 83' lang='lat' dir='ltr'><strong>sciret?</strong></span> <span class='ocrx_word' id='word_1_388' title='bbox 831 2409 959 2459; x_wconf 87' lang='lat' dir='ltr'><strong>itaque</strong></span> <span class='ocrx_word' id='word_1_389' title='bbox 993 2420 1027 2445; x_wconf 86' lang='lat' dir='ltr'><strong>v.</strong></span> <span class='ocrx_word' id='word_1_390' title='bbox 1055 2408 1130 2446; x_wconf 84' lang='lat'><strong>285</strong></span> <span class='ocrx_word' id='word_1_391' title='bbox 1169 2418 1247 2445; x_wconf 87' lang='grc'>11011</span> <span class='ocrx_word' id='word_1_392' title='bbox 1285 2408 1487 2455; x_wconf 85' lang='lat' dir='ltr'><strong>interrogat</strong></span> <span class='ocrx_word' id='word_1_393' title='bbox 1523 2405 1709 2450; x_wconf 76' lang='lat' dir='ltr'><strong>Creusam,</strong></span> <span class='ocrx_word' id='word_1_394' title='bbox 1749 2404 1814 2442; x_wconf 93' lang='lat' dir='ltr'><strong>sed</strong></span> <span class='ocrx_word' id='word_1_395' title='bbox 1852 2405 2096 2454; x_wconf 86' lang='lat' dir='ltr'><strong>interroganti</strong></span> <span class='ocrx_word' id='word_1_396' title='bbox 2123 2406 2167 2442; x_wconf 75' lang='grc' dir='ltr'><strong>τί</strong></span> 
     </span>
     <span class='ocr_line' id='line_1_38' title="bbox 211 2466 2163 2520; baseline -0.004 -12"><span class='ocrx_word' id='word_1_397' title='bbox 211 2472 406 2520; x_wconf 74' lang='grc' dir='ltr'><strong><em>δ’ἶστορεΐς</em></strong></span> <span class='ocrx_word' id='word_1_398' title='bbox 430 2473 508 2509; x_wconf 82' lang='grc' dir='ltr'><strong><em>τόδ’</em></strong></span> <span class='ocrx_word' id='word_1_399' title='bbox 515 2488 526 2518; x_wconf 90' lang='grc'><strong>,-</strong></span> <span class='ocrx_word' id='word_1_400' title='bbox 565 2472 774 2520; x_wconf 90' lang='lat' dir='ltr'><strong>respondet.</strong></span> <span class='ocrx_word' id='word_1_401' title='bbox 809 2474 847 2507; x_wconf 91' lang='lat' dir='ltr'><strong>at</strong></span> <span class='ocrx_word' id='word_1_402' title='bbox 871 2472 947 2517; x_wconf 90' lang='lat' dir='ltr'><strong>illa,</strong></span> <span class='ocrx_word' id='word_1_403' title='bbox 985 2474 1029 2507; x_wconf 89' lang='lat' dir='ltr'><strong>ut</strong></span> <span class='ocrx_word' id='word_1_404' title='bbox 1053 2482 1121 2518; x_wconf 86' lang='lat' dir='ltr'><strong>par</strong></span> <span class='ocrx_word' id='word_1_405' title='bbox 1147 2474 1212 2516; x_wconf 87' lang='lat' dir='ltr'><strong>est,</strong></span> <span class='ocrx_word' id='word_1_406' title='bbox 1251 2469 1353 2506; x_wconf 90' lang='lat' dir='ltr'><strong>Ionis</strong></span> <span class='ocrx_word' id='word_1_407' title='bbox 1388 2468 1511 2504; x_wconf 84' lang='lat' dir='ltr'><strong>verbis</strong></span> <span class='ocrx_word' id='word_1_408' title='bbox 1545 2477 1767 2514; x_wconf 85' lang='lat' dir='ltr'><strong>magnopere</strong></span> <span class='ocrx_word' id='word_1_409' title='bbox 1794 2470 2056 2503; x_wconf 84' lang='lat' dir='ltr'><strong>commovetur.</strong></span> <span class='ocrx_word' id='word_1_410' title='bbox 2098 2466 2163 2502; x_wconf 91' lang='lat' dir='ltr'><strong>sed</strong></span> 
     </span>
     <span class='ocr_line' id='line_1_39' title="bbox 205 2525 2163 2583; baseline -0.004 -12"><span class='ocrx_word' id='word_1_411' title='bbox 205 2534 470 2572; x_wconf 85' lang='grc'>1011111110011111</span> <span class='ocrx_word' id='word_1_412' title='bbox 486 2544 563 2571; x_wconf 89' lang='grc'>11011</span> <span class='ocrx_word' id='word_1_413' title='bbox 583 2532 629 2571; x_wconf 94' lang='lat' dir='ltr'><strong>ab</strong></span> <span class='ocrx_word' id='word_1_414' title='bbox 648 2532 827 2583; x_wconf 79' lang='lat' dir='ltr'><strong>Euripide</strong></span> <span class='ocrx_word' id='word_1_415' title='bbox 844 2532 1052 2582; x_wconf 86' lang='lat' dir='ltr'><strong>profectum</strong></span> <span class='ocrx_word' id='word_1_416' title='bbox 1070 2543 1152 2571; x_wconf 88' lang='lat' dir='ltr'><strong>esse</strong></span> <span class='ocrx_word' id='word_1_417' title='bbox 1168 2531 1242 2569; x_wconf 85' lang='lat' dir='ltr'><strong>viri</strong></span> <span class='ocrx_word' id='word_1_418' title='bbox 1260 2530 1358 2569; x_wconf 87' lang='lat' dir='ltr'><strong>docti</strong></span> <span class='ocrx_word' id='word_1_419' title='bbox 1376 2528 1580 2579; x_wconf 83' lang='lat' dir='ltr'><strong>probarunt</strong></span> <span class='ocrx_word' id='word_1_420' title='bbox 1606 2526 1663 2576; x_wconf 84' lang='lat' dir='ltr'><strong>(ef.</strong></span> <span class='ocrx_word' id='word_1_421' title='bbox 1682 2526 1945 2566; x_wconf 83' lang='lat' dir='ltr'><strong>Enthovenum</strong></span> <span class='ocrx_word' id='word_1_422' title='bbox 1960 2525 1986 2565; x_wconf 90' lang='lat'><strong>1.</strong></span> <span class='ocrx_word' id='word_1_423' title='bbox 2003 2526 2028 2564; x_wconf 89' lang='lat' dir='ltr'><strong>l.</strong></span> <span class='ocrx_word' id='word_1_424' title='bbox 2046 2538 2080 2577; x_wconf 89' lang='lat' dir='ltr'><strong>p.</strong></span> <span class='ocrx_word' id='word_1_425' title='bbox 2101 2527 2163 2575; x_wconf 89' lang='grc'><strong>24)</strong></span> 
     </span>
     <span class='ocr_line' id='line_1_40' title="bbox 205 2589 2164 2644; baseline -0.004 -12"><span class='ocrx_word' id='word_1_426' title='bbox 205 2594 374 2643; x_wconf 86' lang='lat' dir='ltr'><strong>mihique</strong></span> <span class='ocrx_word' id='word_1_427' title='bbox 399 2605 619 2644; x_wconf 78' lang='lat' dir='ltr'><strong>persuasum</strong></span> <span class='ocrx_word' id='word_1_428' title='bbox 645 2597 719 2642; x_wconf 73' lang='lat' dir='ltr'><strong>est,</strong></span> <span class='ocrx_word' id='word_1_429' title='bbox 755 2595 960 2631; x_wconf 81' lang='lat' dir='ltr'><strong>inculcavit</strong></span> <span class='ocrx_word' id='word_1_430' title='bbox 985 2595 1096 2631; x_wconf 92' lang='lat' dir='ltr'><strong>homo</strong></span> <span class='ocrx_word' id='word_1_431' title='bbox 1123 2594 1298 2630; x_wconf 89' lang='lat' dir='ltr'><strong>histricus</strong></span> <span class='ocrx_word' id='word_1_432' title='bbox 1325 2593 1412 2628; x_wconf 86' lang='lat' dir='ltr'><strong>satis</strong></span> <span class='ocrx_word' id='word_1_433' title='bbox 1438 2591 1620 2637; x_wconf 77' lang='lat' dir='ltr'><strong>indoctus,</strong></span> <span class='ocrx_word' id='word_1_434' title='bbox 1646 2591 1712 2637; x_wconf 89' lang='lat' dir='ltr'><strong>qui</strong></span> <span class='ocrx_word' id='word_1_435' title='bbox 1739 2589 1888 2625; x_wconf 83' lang='lat' dir='ltr'><strong>Creusae</strong></span> <span class='ocrx_word' id='word_1_436' title='bbox 1915 2589 2164 2636; x_wconf 84' lang='lat' dir='ltr'><strong>trepidatione</strong></span> 
     </span>
     <span class='ocr_line' id='line_1_41' title="bbox 207 2653 989 2704; baseline 0 -12"><span class='ocrx_word' id='word_1_437' title='bbox 207 2653 352 2692; x_wconf 85' lang='lat' dir='ltr'><strong>animos</strong></span> <span class='ocrx_word' id='word_1_438' title='bbox 378 2660 627 2704; x_wconf 83' lang='lat' dir='ltr'><strong>spectatorum</strong></span> <span class='ocrx_word' id='word_1_439' title='bbox 654 2657 836 2693; x_wconf 85' lang='lat' dir='ltr'><strong>delectare</strong></span> <span class='ocrx_word' id='word_1_440' title='bbox 860 2657 989 2692; x_wconf 81' lang='lat' dir='ltr'><strong>voluit.</strong></span> 
     </span>
    </p>
   </div>
   <div class='ocr_carea' id='block_1_8' title="bbox 206 2755 452 2768">
    <p class='ocr_par' dir='ltr' id='par_1_13' title="bbox 206 2755 452 2768">
     <span class='ocr_line' id='line_1_42' title="bbox 206 2755 452 2768; baseline 0 457"><span class='ocrx_word' id='word_1_441' title='bbox 206 2755 452 2768; x_wconf 95' lang='lat' dir='ltr'><strong> </strong></span> 
     </span>
    </p>
   </div>
   <div class='ocr_carea' id='block_1_9' title="bbox 331 2816 1572 2864">
    <p class='ocr_par' dir='ltr' id='par_1_14' title="bbox 331 2816 1572 2864">
     <span class='ocr_line' id='line_1_43' title="bbox 331 2816 1572 2864; baseline -0.004 -11"><span class='ocrx_word' id='word_1_442' title='bbox 331 2820 356 2861; x_wconf 87' lang='lat'><strong>¹)</strong></span> <span class='ocrx_word' id='word_1_443' title='bbox 378 2822 400 2853; x_wconf 90' lang='lat'><strong>1.</strong></span> <span class='ocrx_word' id='word_1_444' title='bbox 421 2822 443 2854; x_wconf 90' lang='lat'><strong>1.</strong></span> <span class='ocrx_word' id='word_1_445' title='bbox 464 2832 496 2864; x_wconf 87' lang='lat' dir='ltr'><strong>p.</strong></span> <span class='ocrx_word' id='word_1_446' title='bbox 517 2821 559 2854; x_wconf 84' lang='lat'><strong>83</strong></span> <span class='ocrx_word' id='word_1_447' title='bbox 580 2832 627 2855; x_wconf 86' lang='lat' dir='ltr'><strong>nr.</strong></span> <span class='ocrx_word' id='word_1_448' title='bbox 649 2822 698 2854; x_wconf 85' lang='lat'><strong>67.</strong></span> <span class='ocrx_word' id='word_1_449' title='bbox 721 2823 761 2855; x_wconf 84' lang='lat' dir='ltr'><strong>cf.</strong></span> <span class='ocrx_word' id='word_1_450' title='bbox 780 2832 814 2864; x_wconf 86' lang='lat' dir='ltr'><strong>p.</strong></span> <span class='ocrx_word' id='word_1_451' title='bbox 836 2822 877 2855; x_wconf 85' lang='grc'><strong>96</strong></span> <span class='ocrx_word' id='word_1_452' title='bbox 898 2824 932 2855; x_wconf 91' lang='lat' dir='ltr'><strong>et</strong></span> <span class='ocrx_word' id='word_1_453' title='bbox 952 2820 1099 2855; x_wconf 80' lang='lat' dir='ltr'><strong>tabulam</strong></span> <span class='ocrx_word' id='word_1_454' title='bbox 1120 2819 1308 2861; x_wconf 77' lang='lat' dir='ltr'><strong>Delphicam</strong></span> <span class='ocrx_word' id='word_1_455' title='bbox 1328 2818 1411 2850; x_wconf 87' lang='lat' dir='ltr'><strong>libro</strong></span> <span class='ocrx_word' id='word_1_456' title='bbox 1429 2816 1572 2849; x_wconf 76' lang='lat' dir='ltr'><strong>affixam.</strong></span> 
     </span>
    </p>
   </div>
  </div>
 </body>
</html>
