2362 3225
1173 151 1195 186 4

194 271 387 321 templum,
414 271 515 320 quod
539 272 580 308 in
607 272 676 309 hac
701 271 826 310 fabula
850 273 1065 322 primarium
1100 284 1241 311 scaenae
1273 274 1386 311 decus
1412 275 1476 322 est,
1512 284 1560 310 ex
1586 272 1735 322 obliquo
1762 271 2026 322 spectatoribus
2052 283 2163 322 oppo-

196 334 309 369 situm
335 335 464 369 contra
488 344 614 370 rerum
650 336 821 370 naturam
846 345 1020 382 pugnare.
1061 335 1125 371 sed
1158 336 1254 372 illud
1278 338 1411 383 praeter
1445 336 1610 372 omnium
1644 335 1852 383 opinionem
1882 345 1959 370 non
1985 334 2165 371 dixissent

195 394 266 431 viri
293 393 392 432 docti
417 395 492 433 nisi
516 394 736 444 gravissima
762 407 875 445 quam
899 396 955 434 illi
982 395 1130 445 quidem
1155 395 1335 446 putabant
1360 407 1471 435 causa
1496 397 1596 435 moti.

321 456 457 492 chorus
484 457 583 492 enim
609 458 800 504 virginum
826 458 1120 504 Atheniensium,
1147 469 1233 506 quse
1260 458 1435 495 Creusam
1466 458 1632 505 reginam
1656 456 1818 505 Delphos
1844 456 2023 492 comitatae
2050 459 2164 502 erant,

197 517 425 556 orchestram
455 517 600 556 intrans
636 518 909 568 contemplatur·
938 518 1185 568 describitque
1218 519 1397 569 imagines
1433 517 1620 568 quasdam,
1657 529 1749 567 quas
1773 518 1815 555 in
1840 528 1963 555 scaena
1988 517 2165 567 conspicit
2202 521 2210 525 ⁴

196 580 243 624 (v.
274 579 500 624 leo—218).
527 582 616 615 sunt
641 582 765 616 autem
791 580 871 615 hae:
909 579 1270 626 Hercules,hydram
1302 578 1505 625 Lernaeam,
1543 579 1790 626 Bellerophon
1825 578 2044 614 Chimaeram
2070 579 2163 614 occi-

198 639 308 686 dens3
344 641 522 689 praeterea
547 649 568 676 e
595 638 902 688 Gigantomachia'
930 639 1098 678 Minerva
1131 640 1369 687 Enceladum,
1404 638 1569 688 Iuppiter
1597 637 1824 686 Mimantem,
1854 638 2023 677 Bacchus
2049 639 2162 677 alium

197 702 386 752 gigantem
412 700 566 737 caedens.
595 711 680 749 quae
704 701 884 749 imagines
911 711 984 748 quo
1010 701 1090 737 loco
1118 701 1318 750 qualesque
1343 700 1507 749 fuissent,
1546 699 1766 749 acerrimum
1790 700 1889 737 inter
1913 700 2014 762 viro,
2040 700 2164 738 doctos

178 763 383 813 *certamen
410 762 532 798 ortum
558 763 621 798 est.
659 760 723 798 aiii
748 761 848 798 enim
872 761 989 809 pictas
1014 762 1056 798 i'n
1081 755 1224 809 porticu
1251 753 1575 809 quddam,aliiin
1599 753 2023 811 lapiddiiiincisasesse
2039 762 2165 798 volue-

196 825 286 860 runt
297 821 334 870 ι),
367 812 468 859 usius
495 822 539 858 de
564 823 731 871 tympani
756 813 964 871 amptum,
997 822 1126 870 pronai
1151 813 1304 870 picturis
1331 816 1563 870 cogitavitm
1592 830 1664 858 neo
1687 816 1823 858 detuit*
1837 817 1907 870 qui
1928 815 1986 859 ἐἰᾱ
2018 810 2165 859 taxatos

197 886 361 933 picturas
394 884 436 919 in
472 883 710 931 hyposcaenio
737 881 933 931 suspensas
958 882 1112 919 referret
1123 880 1160 929 ¹).
1186 882 1275 919 vicit
1300 881 1461 931 denique
1477 876 1677 930 ‘Welckerl'
1693 874 1884 930 sententia,
1910 879 1976 934 qui
2000 879 2045 920 in
2068 880 2164 920 eom-

196 944 421 982 mentatione
457 944 604 993 egregia
639 954 724 992 quae
756 941 970 980 inscribitur
1003 941 1074 992 ,die
1107 938 1381 998 Vomdlqmqeqa‘
1419 939 1500 992 der-'y
1518 936 1765 993 Gt'ebolfelder
1797 939 1879 995 aad
1911 941 2082 994 Metopon
2096 991 2099 994 ¹
2113 950 2165 982 'an

197 1005 279 1043 dem
308 1005 456 1056 Tempel
481 1017 527 1042 zu
552 1003 708 1054 Delphi‘
734 1004 824 1041 istas
848 1004 1028 1053 imagines
1056 1003 1223 1054 quinque
1247 1001 1478 1054 metoparum
1503 1002 1641 1054 templi·
1654 1000 1823 1058 Delphiqi
1847 1000 2068 1055 sculpturas
2084 1015 2165 1043 esse

196 1065 438 1114 contendit⁴);
467 1077 579 1115 quam
605 1066 850 1115 suspicionem
876 1067 961 1103 ante
978 1061 1216 1104 Welokermn
1231 1059 1393 1104 iecerant
1417 1072 1542 1116 neque
1562 1060 1656 1104 'ntis
1680 1064 1924 1115 probaverant
1940 1064 2125 1106 Stuartiu's
2133 1056 2163 1114 ³)

194 1126 412 1175 Miillerusv
439 1128 648 1165 Ulrichsius
661 1125 696 1174 ⁷).
724 1138 808 1165 cum
835 1129 958 1165 autem
983 1123 1171 1166 Welclteri
1195 1124 1503 1166 iudiciumtanto
1529 1124 1695 1166 virorum
1717 1126 1910 1166 doctorum·
1920 1127 2056 1178 plausu
2071 1128 2163 1166 reci-

191 1193 351 1240 peretur,
377 1193 420 1227 ut
445 1200 554 1227 nemo
580 1192 715 1238 praeter
740 1187 1070 1237 Schoemannumfl)
1098 1189 1248 1239 obloqui
1274 1190 1436 1237 auderet,
1462 1189 1547 1226 duae
1572 1191 1698 1227 tamen
1723 1200 1782 1227 res
1807 1191 1895 1228 satis
1929 1191 2036 1228 mirae
2062 1191 2164 1228 vide-

194 1253 337 1290 bantur.
368 1252 529 1300 primum
556 1251 656 1288 enim
672 1249 891 1289 Welckerus
916 1252 1068 1303 chorum
1093 1254 1389 1305 metoparum
1413 1252 1595 1301 imagines
1613 1250 1879 1289 describentem
1894 1251 2046 1299 fecerat3
2075 1253 2164 1302 quid

195 1316 273 1351 erat
309 1313 407 1362 quod
441 1323 518 1350 non
559 1313 683 1361 potius
722 1313 893 1362 tympani
942 1307 1080 1362 figuras
1122 1301 1241 1351 multo
1283 1304 1460 1352 mnibm2'
1492 1313 1762 1362 amplioresque
1795 1317 2096 1352 commemoraret
2129 1318 2165 1352 et

194 1374 440 1412 describeret?
458 1376 636 1422 praeterea
651 1385 738 1410 cum
752 1375 918 1422 quinque
935 1375 1011 1410 illae
1028 1377 1258 1423 metoparum
1275 1375 1455 1423 imagines
1471 1376 1618 1422 propter
1633 1373 1841 1411 fabularum
1859 1386 1952 1423 quas
1962 1375 2165 1413 tractabant

194 1437 440 1474 diversitatem
474 1435 516 1471 in
549 1446 626 1472 uno
662 1434 793 1483 templi
826 1435 939 1473 latere
972 1434 1074 1472 fictae
1105 1445 1186 1473 esse
1221 1444 1297 1472 non
1322 1437 1482 1484 possent,
1524 1432 1748 1473 wolckerus·
1765 1434 1970 1474 Herculem*
1995 1433 2037 1473 i'n
2062 1440 2164 1485 parte

193 1499 323 1544 antica,
357 1496 680 1545 Bellerophontem
712 1497 755 1533 iu
789 1497 902 1533 altero
929 1497 1139 1545 longiorum
1174 1497 1303 1545 templi
1342 1497 1510 1544 laterum,
1549 1496 1749 1546 Gigantum
1786 1506 1948 1546 pugnam
1964 1499 2023 1534 ··in
2050 1499 2164 1536 altero

193 1559 443 1597 collocaverat.
472 1567 546 1606 qua
571 1557 612 1594 in
638 1568 679 1594 re
703 1557 800 1594 illud
825 1568 957 1606 parum
983 1557 1177 1595 videbatur
1202 1557 1453 1595 considerasse
1478 1558 1550 1595 tria
1576 1558 1705 1608 templi
1729 1558 1845 1596 latera
1861 1570 1885 1596 a
1899 1558 2165 1608 spectatoribus

193 1620 354 1669 conspici
380 1631 458 1657 non
483 1619 658 1668 potuisse.
686 1619 745 1656 hae
770 1620 886 1668 igitur
910 1623 953 1657 ut
979 1620 1249 1669 quodammodo
1283 1618 1501 1658 tollerentur
1536 1619 1771 1658 difficultates
1795 1620 1981 1660 Welckeri
2013 1619 2165 1659 asseclae

192 1682 372 1731 templum
396 1679 618 1730 Delphicum
642 1682 722 1718 tam
747 1681 883 1717 mirum
909 1681 948 1718 in
974 1682 1125 1720 modum
1150 1684 1398 1732 spectatorum
1424 1682 1541 1720 oculis
1567 1682 1751 1721 obiectum
1777 1691 1859 1721 esse
1883 1680 2091 1721 voluerunt.

318 1752 433 1791 quare
458 1752 502 1780 eo
530 1742 651 1779 omnis
677 1742 759 1779 haec
785 1742 880 1779 redit
902 1744 1069 1791 quaestio,
1094 1746 1221 1781 utrum
1247 1743 1445 1793 probemus
1461 1742 1648 1782 Weloken‘
1675 1744 1722 1782 de
1748 1746 1913 1794 quinque
1936 1747 2165 1794 metoparum

191 1804 417 1855 imaginibus
443 1803 624 1841 iudicium
649 1813 774 1841 necne.
802 1804 973 1852 equidem
998 1808 1118 1854 poetae
1142 1806 1261 1855 ipsius
1294 1804 1409 1842 verba
1442 1814 1520 1843 non
1553 1805 1664 1843 modo
1698 1816 1774 1844 non
1807 1806 1930 1845 favere
1954 1806 2055 1844 illius
2082 1817 2164 1844 sen-

190 1868 327 1912 tentiae,
353 1866 418 1902 sed
444 1868 569 1912 aperte
594 1873 681 1900 cum
707 1875 752 1901 ea
775 1876 941 1913 pugnare
967 1878 1080 1913 quam
1105 1867 1415 1903 confidentissime
1441 1867 1592 1903 affirmo.
1620 1867 1704 1904 duae
1731 1870 1856 1905 autem
1881 1871 1971 1905 sunt
1996 1879 2054 1905 res
2079 1878 2164 1915 ‘quae

192 1939 241 1966 ex
267 1928 314 1965 iis
340 1927 421 1965 sine
447 1926 525 1964 ulla
552 1924 778 1964 dubitatione
804 1926 1094 1965 concluduntur:

319 1989 355 2035 1)
382 1998 472 2024 nen
502 1996 649 2023 unum
683 1988 948 2037 imaginum
981 1998 1154 2038 genus,
1186 1990 1311 2038 quod
1344 1990 1505 2026 voluit
1538 1989 1825 2027 Welckerus
1860 1990 2050 2040 (metopae),
2084 1992 2165 2027 sed

193 2052 287 2088 duo
325 2060 506 2098 genera
543 2049 772 2087 versibus
814 2051 1016 2088 190-218
1052 2052 1413 2089 describuntur.
1468 2052 1567 2100 quod
1604 2055 1680 2090 tam
1722 2053 2165 2093 multos‘viros'doct'os

188 2112 328 2163 fugisse
362 2121 439 2149 non
473 2110 565 2148 satis
590 2120 744 2160 possum
769 2111 904 2154 mirari.
931 2112 1064 2150 chorus
1090 2113 1199 2162 enim,
1235 2115 1431 2164 postquam
1456 2111 1656 2152 Herculem
1691 2114 1727 2152 et
1751 2113 2070 2165 Bellerophontem
2104 2114 2164 2152 de-

191 2175 346 2223 scripsit,
372 2174 492 2222 pergit
508 2185 541 2209 v.
562 2174 659 2209 205:
688 2175 809 2222 παντᾷ
824 2186 889 2209 ,τοι
914 2173 1105 2222 βλέφαρον
1130 2174 1275 2221 διοόκω;
1303 2187 1388 2224 quae
1414 2176 1527 2212 verba
1551 2176 1708 2225 probant
1733 2177 1814 2214 si'ne
1830 2177 1943 2213 dubio
1963 2177 2164 2225 Gigantum

190 2247 364 2287 pugnam,
390 2236 499 2273 cuius
531 2234 771 2285 subsequitur
797 2234 1066 2285 demonstratio,
1091 2248 1166 2275 non
1194 2237 1321 2275 eodem
1346 2237 1427 2276 loco
1453 2247 1533 2276 esse
1559 2237 1804 2288 quaerendam
1839 2240 1950 2289 atque
1989 2249 2051 2277 eas
2079 2249 2163 2289 quse

316 2400 340 2440 ι)
362 2401 402 2432 cf.
424 2400 649 2441 Musgravium
668 2401 705 2432 in
726 2401 992 2433 adnotationibus
1014 2403 1063 2433 ed.
1084 2402 1254 2435 Beckiauae
1283 2404 1360 2434 tom.
1383 2402 1429 2433 111
1451 2413 1481 2442 p.
1504 2402 1582 2442 5745
1610 2402 1798 2435 Boeokhium
1820 2403 1860 2434 de
1882 2404 1965 2444 trag.
1987 2403 2040 2435 Gn·-
2062 2403 2163 2443 princ.

188 2463 219 2493 p.
244 2453 299 2484 191
311 2465 321 2490 ;
343 2452 597 2485 GHerma-nnum
618 2451 653 2483 in
675 2452 724 2483 ed.
746 2451 841 2483 huius
860 2452 937 2490 fab„
959 2452 1166 2494 Hartungum
1188 2452 1263 2485 Eur.
1284 2454 1359 2485 rest.
1383 2453 1397 2484 1
1418 2464 1449 2494 p.
1472 2453 1521 2485 80.

314 2502 340 2542 ¹)
362 2503 556 2544 Hartungus
577 2502 613 2534 in
634 2503 684 2534 ed.
707 2502 803 2534 huius
824 2503 889 2534 fab.

313 2553 337 2594 ⁸)
359 2553 538 2593 Geneuius,
560 2554 620 2585 dac
642 2553 771 2585 sssum
790 2564 826 2585 zu
846 2553 942 2585 Athen
962 2565 992 2596 p.
1017 2555 1064 2587 71.

313 2605 338 2643 ⁴)
360 2615 440 2637 mus.
463 2605 581 2636 Rh.·n.
604 2615 628 2635 s.
649 2605 665 2635 Ι
686 2615 718 2645 p.
744 2606 759 2636 1
782 2616 830 2644 sq.
853 2618 893 2633 =
914 2608 974 2637 alce
995 2607 1178 2637 Detumuer-
1200 2607 1224 2637 1.

314 2654 339 2694 ὀ)
362 2656 477 2695 antiqu.
499 2654 667 2705 ⁰f⁴10⁸03⁸0
689 2655 735 2687 111
756 2666 788 2697 p.
810 2655 838 2687 3.

315 2705 340 2744 ⁸)
361 2708 410 2737 die
431 2707 548 2737 Dorcer
569 2707 583 2737 I
605 2718 636 2746 p.
658 2707 730 2737 432.

319 2756 342 2796 ⁷)
363 2758 472 2789 Reieen
493 2758 556 2788 und
577 2757 790 2798 Forechunqen
811 2759 843 2789 in
863 2759 1086 2790 Griechenland
1108 2759 1122 2790 1
1145 2769 1176 2800 p.
1198 2760 1245 2791 72.

318 2808 343 2848 ⁰)
365 2812 473 2849 opusc.
495 2810 584 2841 acad.
608 2810 654 2841 IV
674 2822 705 2851 p.
729 2811 778 2842 84.
