2362 3225
1158 99 1206 135 20

188 229 355 257 vacanea
391 230 469 256 non
505 222 652 258 nocent.
690 222 819 269 itaque
854 222 965 258 etiam
1003 233 1051 258 ex
1088 222 1158 258 hoc
1196 222 1279 259 loco
1318 224 1511 262 lenissima
1536 225 1744 262 mutatione
1779 235 1823 261 ea
1856 224 2055 263 elicuimus
2081 237 2167 274 quas

188 281 337 332 poetam
364 279 450 319 aliis
474 279 570 320 locis
596 281 643 321 de
660 280 799 321 Macris
817 281 951 321 docere
968 281 1145 330 vidimus,
1172 283 1362 334 simulque
1388 285 1557 326 detectus
1583 289 1640 325 est
1665 286 1750 325 fons
1775 287 1913 325 intrusi
1929 298 2062 326 versus
2082 289 2167 330 937,

312 343 540 394 perfecimus
580 356 664 384 eam
705 357 818 395 quam
857 344 967 383 nobis
1004 355 1322 394 proposueramus
1357 347 1403 385 de
1438 347 1579 388 Macris
1619 349 1996 399 disputatiunculam3
2041 352 2167 389 tamen
2225 386 2239 398 ,

189 409 342 443 antrum
376 408 504 457 ipsum
529 408 717 456 Apollinis
759 418 846 444 cum
881 407 1021 444 Creusa
1061 407 1267 449 concubitu
1305 409 1530 456 praeclarum
1569 411 1742 449 nondum
1781 411 2013 461 agnqvimus.
2053 412 2167 450 tradit

189 471 318 509 autem
344 468 552 508 Pausanias
569 468 589 506 I
607 469 657 506 28
676 469 720 507 4:
749 468 934 514 καταβᾶσι
960 465 1013 512 δέ,
1038 464 1104 503 οὔκ
1128 467 1182 510 εἰς
1204 464 1271 516 τήν
1296 467 1396 505 κάτω
1421 469 1528 507 πόλιν
1553 468 1635 508 ἄλλ’
1661 471 1749 510 ὅσον
1768 470 1838 508 ὑπὸ
1864 471 1911 509 τὰ
1934 471 2162 521 προπύλαια,

189 528 291 578 πηγή
325 542 364 565 τε
397 528 530 571 ὕδατός
558 528 639 565 ian
674 527 739 564 καί
775 527 935 576 πλησίον
966 525 1212 572 ’Λπόλλωνος
1249 526 1348 576 ἱερὸν
1385 528 1427 565 32·
1466 531 1638 579 σπηλαίῳ
1670 543 1680 553 ·
1705 531 1879 582 Κρεούσῃ
1918 532 1960 569 δὲ
2000 531 2164 582 θυγατρὶ

185 584 395 637 Ἐρεχθέως
416 583 641 625 Ἀπόλλωνα
666 585 831 631 ἐνταῦθα
857 585 1104 635 συγγενέσθαι
1130 586 1339 633 νομιζουσι.
1375 588 1446 627 sub
1481 590 1682 639 propylaeis
1721 592 1837 640 igitur
1871 604 1985 642 prope
2017 593 2168 642 Glepsy-

191 654 299 691 dram
328 673 375 678 -
403 661 527 699 neque
553 650 655 688 enim
682 652 739 687 est
765 650 862 687 alius
889 650 986 687 arcis
1012 651 1097 688 fons
1125 673 1173 678 —
1200 651 1388 689 thalamus
1413 652 1602 701 Apollinis
1635 652 1718 701 fuit,
1756 654 1798 690 in
1837 666 1911 702 quo
1937 652 2167 702 ὖποακρατος

192 716 253 754 vel
280 712 299 750 ὅ
323 711 386 749 ὑπ’
410 708 543 759 ἄκραις
578 712 865 761 cognominatus
891 723 1013 761 usque
1054 713 1102 751 ad
1128 716 1318 762 postrema
1356 725 1485 752 rerum
1522 713 1742 752 Graecarum
1780 717 1948 764 tempora
1986 717 2167 755 honorem

190 776 331 824 habuit,
357 775 466 812 cuius
483 773 537 811 rei
556 776 735 823 quattuor
760 774 863 811 tituli
889 776 1002 812 testes
1029 777 1118 812 sunt
1130 773 1171 824 ¹).
1200 777 1311 824 atque
1338 775 1451 813 etiam
1468 774 1639 814 Paneum
1664 776 1706 813 in
1725 776 1856 815 eadem
1882 776 1988 815 urbis
2014 779 2168 828 regione

189 840 305 878 fuisse
332 849 380 876 ex
406 836 631 875 testimoniis
658 847 775 885 supra
809 836 932 874 allatis
959 838 1213 886 cognovimus.
1241 837 1308 875 ubi
1333 839 1450 887 igitur
1484 839 1683 887 utriusque
1710 839 1771 876 dei
1807 839 1988 877 sacellum
2025 853 2169 888 quaera-

189 900 303 938 mus?
338 910 387 936 ex
412 897 612 945 Pausania,
647 898 714 946 qui
739 909 841 935 unus
867 900 1071 946 utrumque
1099 901 1364 936 commemorat
1390 899 1423 947 (Ι
1451 900 1499 937 28
1527 900 1576 946 4),
1602 900 1697 936 nihil
1724 900 1923 947 discimus3
1959 900 2039 939 hiat
2065 902 2166 939 enim

189 973 232 1001 eo
258 962 340 1009 ipso
366 961 449 997 loco
461 958 505 1008 ⁹).
535 959 582 996 de
609 958 733 996 tribus
761 960 914 997 omnino
942 961 1058 997 antris
1084 961 1239 1009 cogitari
1265 963 1405 1010 potest;
1447 972 1608 1010 quorum
1635 973 1757 999 unum
1783 962 1911 999 minus
1936 952 2168 1011 profundum

188 1025 303 1063 situm
330 1025 387 1060 est
412 1023 513 1059 intra
538 1022 867 1071 propugnaculum
892 1021 1090 1058 Turcicum
1117 1021 1164 1059 ab
1192 1021 1359 1070 Odysseo
1387 1035 1417 1060 a.
1447 1023 1546 1060 1822
1574 1023 1844 1072 amplificatum
1857 1022 1912 1073 ³);
1947 1025 2024 1062 duo
2052 1025 2169 1064 altera

186 1086 243 1123 1111
269 1085 480 1134 propinqua
505 1084 658 1133 gemina
684 1086 774 1121 sunt
800 1086 1068 1132 antrorumque
1102 1084 1451 1133 septentrionalium
1488 1085 1585 1123 arcis
1619 1083 1831 1133 maximat).
1868 1086 1944 1123 iam
1970 1087 2042 1124 viri
2069 1087 2168 1125 docti

187 1148 324 1185 horum
359 1147 477 1184 trium
515 1148 709 1183 antrorum
749 1146 845 1183 alius
877 1145 980 1183 aliud
1006 1145 1175 1195 Apollini
1212 1149 1278 1184 aut
1311 1146 1407 1184 Pani
1440 1146 1664 1185 tribuerunt.
1700 1147 1766 1185 sed
1801 1159 1888 1185 cum
1914 1148 1973 1186 his
1999 1148 2039 1185 in
2066 1151 2169 1187 tanta

187 1211 489 1250 testimoniorum
515 1210 675 1258 penuria
701 1220 778 1246 non
804 1209 921 1257 litigo,
947 1210 1020 1246 nisi
1043 1209 1144 1257 quod
1164 1209 1373 1258 Goettlingii
1399 1210 1595 1257 sententia,
1623 1211 1688 1258 qui
1713 1210 1809 1246 illud
1826 1211 1992 1259 primum
2019 1214 2169 1248 antrum

187 1286 264 1311 non
291 1274 339 1310 ad
366 1273 639 1322 septentriones
675 1271 741 1308 sed
768 1271 815 1308 ad
851 1271 1082 1307 occidentem
1109 1282 1268 1320 vergens
1294 1271 1462 1320 Apollini
1490 1271 1704 1308 dedicatum
1729 1272 1822 1319 vult,
1848 1282 1908 1309 me
1936 1272 2168 1311 defensorem

188 1349 265 1375 non
291 1335 454 1374 habebit.
475 1335 550 1372 sed
576 1334 732 1372 fuerunt
758 1334 870 1370 etiam
890 1334 955 1381 qui
973 1333 1077 1371 Pana
1105 1336 1141 1371 et
1161 1334 1376 1382 Apollinem
1403 1335 1445 1371 in
1462 1334 1593 1371 eodem
1612 1337 1718 1371 antro
1738 1334 1977 1380 collocarent3
2007 1347 2168 1383 quorum

188 1400 255 1449 qui
282 1400 373 1437 sunt
399 1398 624 1435 vetustiores
651 1395 837 1434 Stuartius
864 1394 1026 1434 Leakius
1043 1396 1210 1434 Beuleus
1237 1397 1278 1433 in
1305 1407 1387 1433 eam
1415 1397 1629 1446 opinionem
1656 1396 1802 1434 inducti
1829 1399 1918 1434 sunt
1944 1396 2026 1434 loco
2052 1398 2168 1436 inter-

187 1461 311 1513 polato
338 1460 449 1498 Paus.
477 1459 497 1497 I
525 1460 575 1497 28
603 1459 647 1505 4;
675 1458 806 1496 fraude
834 1458 978 1496 detecta
1014 1458 1146 1497 cadere
1172 1457 1370 1496 videbatur
1401 1458 1553 1496 illorum
1580 1459 1765 1496 sententia
1777 1456 1813 1506 ⁵).
1854 1461 1891 1496 at
1925 1460 2033 1497 novis
2061 1471 2169 1509 argu-

188 1525 326 1562 mentis
354 1535 403 1560 ex
421 1523 514 1559 Ione
531 1522 657 1570 petitis
684 1521 879 1558 defendere
907 1521 1053 1557 studuit
1077 1521 1341 1566 Enthovenus3
1371 1521 1461 1557 dicit
1487 1522 1589 1557 enim
1614 1533 1649 1569 p.
1678 1521 1746 1557 36:
1776 1533 1873 1568 ,cum
1901 1521 2076 1558 omnibus
2103 1523 2169 1570 qui

187 1588 229 1625 in
256 1589 414 1625 censum
440 1584 602 1623 veniunt
629 1583 721 1621 locis
759 1583 928 1621 excussis
963 1583 1262 1621 intellexerimus
1298 1595 1487 1632 nusquam
1527 1584 1568 1620 in
1594 1582 1786 1633 Euripidis
1826 1583 1956 1622 fabula
1980 1584 2169 1634 Apollinis

187 1650 312 1687 ullum
339 1651 491 1685 antrum
519 1646 810 1692 commemorari,
838 1646 903 1682 sed
929 1646 970 1681 in
998 1646 1178 1694 spelunca
1195 1646 1310 1682 Panis
1337 1657 1360 1681 a
1387 1645 1455 1682 deo
1474 1646 1607 1682 violari
1628 1645 1817 1693 Creusam,
1844 1645 2051 1684 Pausanias
2078 1657 2167 1684 vero

188 1713 229 1751 in
255 1710 447 1761 Apollinis
488 1708 625 1747 sacello
659 1708 698 1745 id
737 1707 876 1746 factum
916 1719 998 1746 esse
1033 1707 1163 1756 tradat,
1204 1708 1284 1745 haec
1319 1707 1571 1757 discrepantia
1607 1707 1713 1746 nullo
1748 1708 1859 1746 modo
1895 1708 2058 1756 tolletur,
2093 1710 2168 1747 nisi

190 1778 401 1812 statuemus
426 1783 549 1810 unum
576 1771 750 1819 idemque
777 1773 926 1807 antrum
954 1772 991 1806 et
1004 1770 1190 1818 Apollinis
1218 1773 1255 1807 et
1280 1769 1394 1807 Panis
1421 1781 1525 1807 sacra
1553 1771 1802 1807 continuisse‘.
1843 1782 1918 1820 qua
1942 1771 1984 1808 in
2010 1782 2051 1808 re
2077 1772 2170 1809 mihi

189 1838 340 1874 videtur
367 1846 518 1873 errasse.
546 1833 702 1870 ubinam
730 1833 820 1869 dicit
845 1836 955 1880 poeta
981 1834 1021 1868 in
1049 1844 1092 1868 eo
1119 1834 1200 1879 ipso
1229 1836 1345 1878 antro,
1373 1833 1474 1879 quod
1502 1836 1557 1868 est
1593 1834 1693 1880 apud
1720 1833 2008 1880 Aristophanem
2035 1829 2167 1875 Πανός

188 1892 341 1935 ταύλίον
367 1896 464 1945 (Lys.
494 1894 599 1944 721),
626 1894 725 1944 apud
751 1893 985 1932 Herodotum
1013 1889 1143 1937 Πανὸς
1169 1889 1268 1940 ἱερόν
1292 1892 1360 1941 (VI
1389 1893 1487 1942 105),
1523 1892 1701 1932 Creusam
1728 1893 1917 1942 violatam,
1943 1893 2074 1932 Ionem
2102 1905 2168 1932 ex-

188 1962 355 2010 positum
394 1959 502 2011 esse?
544 1957 665 1993 tribus
700 1957 791 1992 locis
831 1957 904 2002 (10.
936 1957 1047 1993 1399.
1079 1956 1166 2002 936)
1201 1967 1336 2004 parum
1364 1959 1537 1991 accurate
1563 1957 1605 1991 111
1632 1956 1768 1991 Macris
1796 1956 1890 1992 illud
1917 1956 2058 1992 factum
2086 1967 2167 1992 esse

188 2022 314 2070 tradit,
341 2021 415 2059 nisi
445 2018 546 2069 quod
571 2020 756 2068 postremo
784 2028 898 2067 quem
935 2017 1043 2055 attuli
1079 2017 1161 2055 loco
1189 2016 1305 2055 Panei
1332 2017 1523 2055 mentione
1550 2017 1691 2065 inserta
1732 2014 1838 2066 (ἔνθα
1874 2014 2005 2062 Πανὸς
2043 2012 2168 2054 ἄδυτα

189 2084 256 2122 καί
280 2081 409 2131 βωμοὶ
433 2082 562 2128 πέλας)
590 2084 839 2130 spectatorum
867 2082 1012 2117 animos
1038 2081 1079 2116 in
1106 2081 1210 2117 illam
1237 2081 1428 2128 regionem
1457 2080 1584 2128 dirigit
1594 2079 1637 2128 ⁶).
1673 2091 1708 2116 V.
1736 2083 1862 2118 autem
1892 2081 1977 2128 503,
2012 2081 2080 2118 ubi
2108 2080 2168 2117 ἵνα

188 2156 267 2183 11011
302 2143 434 2182 referri
469 2146 591 2194 potest
623 2144 696 2181 nisi
736 2143 783 2181 ad
817 2145 916 2179 τοῖσι
943 2145 1024 2186 σοῖς
1063 2143 1127 2190 (sc.
1157 2138 1298 2190 Πανὸς)
1334 2139 1375 2178 ἐν
1402 2137 1551 2190 ἄντροις
1588 2154 1665 2180 11011
1705 2146 1845 2182 temere
1884 2155 1977 2182 usus
2017 2144 2169 2182 videtur

188 2219 348 2245 numero
384 2208 534 2255 plurali,
569 2218 655 2243 cum
689 2208 819 2255 paucis
846 2206 1017 2256 versibus
1051 2210 1135 2241 ante
1177 2208 1304 2247 Πανός
1341 2205 1723 2253 παραυλίζουσαν
1762 2205 1935 2252 πέτραν
1974 2204 2169 2251 μυχώδεσι

315 2332 338 2370 ¹)
361 2332 431 2364 CIA
453 2331 500 2362 ΠΙ
522 2331 572 2361 91.
594 2331 643 2362 92.
669 2330 768 2361 Mitth.
790 2331 844 2361 doe
864 2330 948 2361 arch.
970 2330 1044 2360 Ince.
1067 2330 1114 2361 III
1136 2340 1166 2370 p.
1186 2330 1253 2361 144.
1276 2329 1394 2361 Philol.
1417 2329 1492 2361 XXI
1512 2340 1544 2371 p.
1567 2329 1607 2360 46
1629 2330 1663 2361 et
1684 2329 1775 2361 XXII
1796 2340 1827 2370 p.
1844 2330 1894 2361 85.
1917 2329 1957 2361 cf.
1973 2329 2169 2361 Pausaniam

188 2386 236 2419 ed.
260 2385 296 2418 Ο.
319 2382 422 2416 Jahn’
467 2407 474 2415 .
497 2381 548 2415 36.

314 2436 339 2477 ¹)
362 2394 465 2468 ναι-ΒΞ
485 2437 541 2464 καὶ
566 2433 694 2471 Πανός,
717 2445 788 2474 quae
809 2437 883 2475 post
906 2434 1067 2473 σπηλαίῳ,
1089 2435 1123 2466 et
1144 2434 1225 2474 περὶ
1248 2432 1286 2462 δὲ
1307 2433 1366 2463 τοῦ
1390 2432 1510 2466 Πανός
1529 2440 1649 2473 φασιν,
1680 2444 1751 2473 quae
1780 2435 1855 2474 post
1881 2433 2061 2474 νομίζουσι
2082 2433 2169 2475 lege-

188 2490 318 2526 bantur,
342 2489 419 2520 sunt
439 2487 669 2519 additamenta
690 2485 821 2517 Musuri.

312 2539 337 2580 ⁸)
358 2540 394 2571 in
415 2539 532 2572 tabula
553 2537 637 2571 arcis
658 2537 859 2570 Athenarum
880 2537 1049 2569 Pausaniae
1071 2547 1091 2569 a
1112 2537 1226 2569 Iahnio
1248 2537 1336 2570 edito
1358 2537 1488 2578 praefixa
1509 2547 1560 2569 no.
1584 2537 1620 2568 51
1645 2536 1803 2578 signatur.

313 2592 340 2633 ¹)
363 2592 558 2634 pulcerrime
585 2590 716 2633 depicta
737 2591 838 2624 habes
868 2591 956 2633 apud
977 2589 1125 2622 Curtium
1154 2591 1188 2622 et
1210 2589 1411 2632 Kaupertum
1432 2588 1520 2620 Actae
1541 2600 1600 2621 von
1621 2588 1716 2621 Athon
1738 2590 1789 2621 Bl.
1811 2590 1855 2622 IX
1876 2590 1905 2622 4.
1928 2589 2169 2631 descripserunt

189 2647 294 2678 eidem
317 2647 399 2676 Einl.
421 2656 452 2686 p.
476 2645 525 2676 22.
549 2645 601 2675 23.

314 2696 340 2734 ⁶)
363 2706 435 2739 quas
457 2706 562 2729 causae
584 2694 776 2728 Bursianum
798 2695 908 2737 Geoqr.
930 2705 988 2727 von
1009 2694 1232 2726 Grieckenland
1253 2694 1268 2726 1
1289 2705 1320 2737 p.
1343 2693 1404 2726 294
1425 2693 1660 2727 commoverint
1679 2694 1718 2726 ut
1738 2693 1823 2727 idem
1844 2694 1974 2727 doceret
1993 2691 2111 2725 nescio.

315 2750 340 2788 θ)
362 2761 379 2782 0
400 2762 429 2782 v.
455 2751 534 2782 1482
558 2749 650 2789 παρ’
679 2747 891 2785 ἀηδόνιον
922 2750 1086 2789 πέτραν
1113 2748 1225 2786 Φοίβῳ
1249 2746 1484 2787 κρυπτόμενον
1505 2747 1602 2785 λέχος
1633 2746 1804 2783 ηὐνάσθην
1833 2756 1892 2777 nos
1921 2744 2053 2785 quidem
2084 2744 2168 2776 nihil

192 2801 352 2834 discimus.
