2362 3225
1157 154 1202 196 1⁶7

1236 208 1301 217 ——n

196 287 272 321 non
298 280 415 320 credo.
442 283 500 321 his
525 278 638 332 igitur
662 276 830 320 versibus
856 277 1052 329 Euripides
1081 283 1218 331 duplici
1250 284 1358 319 modo
1394 284 1516 320 locum
1549 279 1731 332 significat
1769 295 1843 331 quo
1872 283 2008 321 Creusa
2043 277 2163 319 filium

197 346 408 394 exposuerit
420 345 464 392 ¹);
492 345 621 382 eodem
646 345 727 392 ipso
754 342 965 391 concepisse
981 343 1166 391 virginem
1191 344 1368 381 discimus
1393 356 1413 381 e
1431 357 1463 382 V.
1488 346 1532 382 16
1553 358 1605 394 sq.
1633 345 1793 394 appellat
1815 348 1940 381 autem
1966 348 2164 393 Κέκροπος

197 406 353 455 ἄντρα,
375 418 460 455 quae
478 418 511 441 v.
533 405 606 441 936
625 405 839 453 Κεκροπίας
864 403 978 452 πέτρ
990 420 1012 441 α
1024 420 1042 449 ς
1066 405 1310 452 appellaverat
1320 404 1372 452 ²);
1400 405 1610 443 Macrarum
1627 407 1773 443 nomini
1792 406 1961 453 adiungit
1978 406 2164 454 epitheton

197 473 439 516 πετρηρεφεῖς
473 466 639 513 ,rupibus
667 464 955 510 confornicatasg
993 475 1067 511 quo
1094 464 1189 501 illud
1215 466 1437 503 vocabulum
1472 469 1519 504 ad
1555 471 1660 504 antra
1695 478 1808 504 saxea
1843 468 2026 515 pertinere
2062 479 2164 515 aper-

197 527 339 565 tissime
364 529 522 563 testatur
533 524 576 575 ³).
602 525 689 562 vide
708 536 819 573 quam
846 525 991 573 egregie
1015 536 1099 563 mea
1125 526 1171 563 de
1188 525 1323 564 Macris
1349 528 1523 577 probetur
1541 529 1730 567 sententia.
1758 539 1881 577 neque
1899 539 1990 566 vero
2018 528 2163 565 dubita-

197 588 332 635 bimus,
359 588 450 635 quid
477 587 547 623 sibi
574 587 664 623 velit
689 586 787 623 illud
813 597 950 623 nomen
974 587 1148 636 Μακραί,
1178 588 1223 625 de
1250 601 1324 637 quo
1350 593 1424 627 tam
1452 592 1570 629 muita
1596 595 1748 640 tamque
1774 592 1878 628 varia
1906 591 2165 628 disseruerunt

197 650 269 685 viri
295 647 455 697 docti⁴):
484 651 625 697 spectat
651 648 699 684 ad
724 648 834 684 illum
860 648 1015 697 longum
1042 650 1192 697 rupium
1229 652 1470 689 eminentium
1506 657 1542 690 et
1569 657 1758 690 antrorum
1793 654 1976 701 ordinem,
2014 654 2163 701 qualem

199 710 238 747 αἱ
260 710 424 759 κρανααί
439 708 604 759 Ἀθῆναι
628 710 701 745 nisi
727 709 937 747 in'boreali
963 711 1059 747 arcis
1085 714 1189 759 parte
1215 723 1292 748 non
1319 713 1502 750 habebant
1513 713 1555 763 ⁵).

320 792 430 840 plura
466 792 645 828 discimus
686 802 734 828 ex
775 792 855 828 loco
895 792 1040 841 melico,
1080 805 1153 841 quo
1188 803 1325 830 nomen
1359 794 1524 845 Μακραί
1556 797 1757 834 certissime
1792 797 1838 834 ab
1873 799 1953 846 ipso
1982 797 2164 846 Euripide

199 853 378 901 scriptum
405 855 478 890 est:

832 915 903 950 492
932 909 963 949 ὦ
987 914 1117 958 Πανὸς
1139 914 1338 963 θακήματα
1363 916 1428 951 καί

930 976 1212 1027 παραυλιζουσα
1237 978 1355 1028 πέτρα

926 1041 1120 1089 μυχώδεσι
1142 1031 1338 1091 Μακραῖς,

831 1108 903 1143 495
930 1106 990 1143 ἵνα
1011 1104 1150 1154 χοροὺς
1177 1106 1369 1153 στείβουσι
1393 1107 1521 1144 ποδοῖν

924 1164 1139 1219 Ἀγραύλου
1165 1168 1275 1219 κόραι
1297 1170 1463 1221 τρίγονοι

934 1232 1066 1271 στάδια
1087 1233 1224 1281 χλοερὰ
1250 1234 1319 1284 πρὸ
1346 1234 1547 1277 Παλλάδος

929 1299 1040 1342 ναῶν,
1068 1300 1257 1348 συρίγγων

929 1360 992 1398 ὕπ’
1017 1360 1146 1407 αἰόλας
1172 1362 1279 1410 ἰαχᾶς

836 1426 907 1462 500
931 1424 1073 1472 ὕμνων,
1098 1425 1188 1463 ὅταν
1213 1423 1358 1471 αὖλίοις

932 1489 1098 1540 συριζῃς,
1126 1485 1156 1526 ὦ
1181 1489 1279 1535 Πάν,

928 1559 1028 1590 τοῖσι
1053 1558 1135 1598 σοῖς
1159 1553 1199 1590 ἐν
1224 1551 1384 1602 ἄντροις,

932 1616 992 1653 ἵνα
1017 1619 1174 1654 τεκοῦσά
1197 1632 1254 1662 τις

929 1679 1130 1728 παρθένος,
1155 1675 1186 1715 ὦ
1208 1680 1336 1727 μελέα,
1362 1680 1504 1729 βρέφος

833 1744 902 1778 505
930 1743 1072 1791 Φοίβῳ,
1099 1748 1250 1786 πτανοῖς
1276 1743 1430 1790 ἐξώρισε
1458 1745 1588 1780 θοίναν

927 1807 1053 1855 θηρσί
1072 1820 1111 1843 τε
1136 1806 1288 1856 φοινίαν
1314 1807 1434 1844 δαῖτα.

199 1878 402 1927 alloquitur
419 1879 535 1927 igitur
553 1878 688 1915 chorus
715 1880 846 1925 Πανὸς
871 1882 1072 1931 θακήματα
1097 1883 1120 1918 i.
1141 1893 1170 1919 e.
1189 1882 1272 1919 loca
1288 1882 1411 1919 Panos
1438 1893 1559 1930 sacra3
1590 1894 1702 1931 quem
1719 1883 1759 1918 in
1777 1882 1932 1931 rupibus
1952 1882 2161 1919 borealibus

199 1942 295 1979 arcis
320 1941 555 1979 Athenarum
582 1941 651 1978 sub
686 1942 777 1991 ipsis
811 1943 1012 1992 propylaeis
1047 1956 1162 1994 prope
1190 1944 1431 1994 Clepsydram
1458 1946 1546 1983 inde
1573 1958 1594 1983 a
1622 1944 1821 1983 Persarum
1851 1945 1957 1982 bellis
1985 1945 2163 1983 sacellum

322 2106 348 2147 ¹)
371 2107 456 2147 quod
477 2106 647 2148 saepissime
668 2107 737 2139 fieri
758 2117 823 2139 non
844 2108 976 2149 ignorat
996 2109 1053 2149 qui
1073 2110 1215 2151 tragicos
1237 2111 1434 2152 degustavit.
1458 2112 1496 2143 cf.
1520 2111 1614 2143 huius
1635 2112 1698 2143 fab.
1722 2123 1751 2144 v.
1774 2112 1834 2144 909
1853 2113 2018 2153 χρυσέους
2038 2109 2165 2145 θάκους

198 2160 256 2188 καὶ
276 2162 375 2198 γαίας
393 2159 575 2200 μεσσήρεις
595 2159 703 2204 ἕδρας.

323 2220 348 2260 ¹)
370 2232 408 2255 eo
429 2222 532 2264 igitur
552 2221 754 2255 referendum
775 2223 824 2254 est
848 2221 992 2253 ἐνταῦθα
1014 2222 1083 2261 939,
1113 2224 1152 2255 de
1181 2234 1245 2265 qua
1266 2234 1301 2257 re
1322 2235 1388 2258 non
1410 2226 1560 2258 dubitare
1582 2226 1721 2258 debebat
1743 2226 1950 2259 Enthovenus
1973 2226 1993 2258 1.
2016 2227 2036 2258 l.
2059 2238 2088 2267 p.
2112 2227 2161 2266 31,

199 2275 286 2312 quod
307 2274 370 2305 loci
391 2274 587 2314 significatio
607 2275 702 2305 nimis
723 2284 809 2313 vaga
830 2278 987 2314 vastaque
1010 2277 1102 2306 esset.

322 2334 348 2377 ⁸)
370 2335 411 2371 cf.
440 2336 553 2369 Aesch.
582 2336 686 2369 Prom.
713 2336 775 2369 304
801 2336 876 2369 Eur.
899 2336 986 2379 Cycl.
1008 2336 1049 2369 82
1079 2336 1269 2379 πετρηρεφῆ
1302 2335 1417 2379 ἄντρα.
1445 2337 1540 2380 Soph.
1562 2338 1646 2370 Phil.
1673 2339 1732 2370 272
1764 2339 1801 2370 ἐν
1833 2343 2009 2381 κατηρεφεῖ
2040 2341 2160 2381 πέτρῳ.

199 2390 398 2420 contrarium
421 2393 471 2421 est
491 2388 664 2429 ἄνόροφοι
685 2390 808 2429 πέτραι
829 2389 902 2421 Eur.
925 2390 1042 2421 Bacch.
1064 2391 1114 2421 38.

321 2449 347 2491 ⁴)
370 2450 410 2483 cf.
433 2450 671 2494 Goettlingium,
694 2451 885 2483 Gesammelce
905 2450 1139 2493 Abhandlunqen
1159 2452 1184 2484 1.
1207 2452 1277 2489 ‚Die
1297 2451 1498 2493 Apolloyrotte
1520 2453 1575 2483 der
1595 2451 1754 2492 Akropolis
1775 2464 1833 2484 von
1854 2453 1959 2484 Athen‘
1980 2465 2010 2496 p.
2036 2456 2090 2487 101
2116 2466 2162 2497 sq.

197 2502 398 2541 Bursianum,
421 2504 529 2543 Geoqr.
551 2515 609 2535 von
629 2504 849 2535 Griechenland
869 2504 885 2535 1
905 2515 936 2544 p.
959 2504 1028 2536 294.
1051 2504 1199 2536 Curtium
1221 2507 1255 2538 et
1275 2505 1484 2544 Kaupertum‚
1507 2505 1594 2535 Atlas
1615 2516 1672 2535 von
1692 2505 1788 2536 Athen
1809 2507 1891 2536 Einl.
1913 2518 1944 2546 p.
1968 2507 2016 2538 20.

320 2562 345 2603 ⁵)
367 2564 405 2596 cf.
429 2565 575 2598 Curtium
598 2569 632 2599 et
652 2568 852 2609 Kaupertum
873 2568 895 2600 1.
918 2568 941 2600 l.
963 2578 993 2609 p.
1017 2569 1072 2601 20:
1102 2569 1204 2605 ‚Danu
1234 2570 1349 2609 beqinnt
1376 2578 1433 2599 von
1455 2568 1510 2598 der
1530 2567 1734 2598 Nordoececko
1762 2569 1811 2599 die
1831 2568 1924 2599 Reike
1953 2570 2010 2600 der
2031 2569 2164 2606 Gronau,
2215 2571 2220 2576 ’

197 2616 306 2646 welche
335 2616 399 2646 sich
430 2618 693 2649 darchachm'uliok
718 2623 760 2650 20
781 2621 824 2650 M.
845 2631 904 2650 von
935 2622 989 2651 der
1012 2622 1202 2660 Burqmauer
1232 2622 1369 2658 cassen-nt,
1401 2621 1457 2650 wie
1489 2621 1536 2649 ein
1557 2620 1665 2649 Gau-tel
1696 2631 1736 2649 an
1768 2622 1824 2650 der
1851 2622 2015 2651 Nordaeeite
2046 2624 2165 2662 entlanq

197 2666 317 2696 nielson:
348 2668 381 2699 et
412 2662 523 2708 p'aullo
550 2679 663 2711 supra:
697 2671 767 2708 ‚Die
788 2671 948 2703 Nordoeitc
979 2672 1032 2703 hat
1056 2673 1118 2703 eine
1149 2672 1322 2702 malerische
1349 2671 1622 2710 Manuigfaltiykeit
1648 2672 1902 2712 voraeprinqender
1932 2672 2073 2713 Klippen
2101 2675 2166 2704 aad

198 2718 286 2755 εἰσίω·
310 2719 497 2759 Hb’hlunqen,
526 2723 635 2752 welche
660 2724 707 2752 bei
737 2724 838 2761 jedm
866 2724 1092 2754 Sonnemtande
1117 2726 1166 2754 ein
1191 2726 1321 2755 andere-⁹
1348 2725 1423 2753 Bild
1451 2724 1623 2753 darbieten‘.
1652 2739 1691 2744 -—-
1719 2727 1859 2755 ceterum
1889 2735 2007 2756 nornen
2034 2727 2167 2765 μακρός

199 2768 291 2807 quasi
312 2778 428 2802 nomen
455 2772 622 2813 proprium
642 2773 896 2807 Atheniensibus
925 2775 960 2806 in
989 2775 1111 2806 deliciis
1138 2775 1236 2806 fuisse
1265 2775 1404 2815 probant
1434 2768 1474 2803 τά
1495 2769 1610 2815 μακρὰ
1632 2777 1718 2814 τείχη
1741 2777 1775 2807 et
1797 2774 1813 2811 ἦ
1835 2775 1951 2817 μακρά
1981 2776 2036 2818 (sc.
2062 2778 2166 2818 στοά),

199 2818 303 2852 altera
324 2821 537 2863 Athenarum,
560 2824 663 2857 altera
684 2826 807 2858 Piraeei.

2107 2913 2121 2936 3
